%% This BibTeX bibliography file was created using BibDesk.
%% http://bibdesk.sourceforge.net/
%% Created for Ross Beyer at 2009-03-18 17:10:33 -0700 
%% Saved with string encoding Unicode (UTF-8) 

@article{2001JGR.10623429M,
	Adsnote = {Provided by the NASA Astrophysics Data System},
	Adsurl = {http://adsabs.harvard.edu/cgi-bin/nph-bib_query?bibcode=2001JGR...10623429M&db_key=AST},
	Author = {{Malin}, M.~C. and {Edgett}, K.~S.},
	Date-Added = {2009-03-18 17:07:55 -0700},
	Date-Modified = {2009-03-18 17:07:55 -0700},
	Journal = {Journal of Geophysical Research},
	Keywords = {spacecraft; MOC;},
	Month = oct,
	Number = {E10},
	Pages = {23429-23570},
	Title = {{{Mars Global Surveyor} {Mars Orbiter Camera}: Interplanetary cruise through primary mission}},
	Volume = 106,
	Year = 2001,
	Bdsk-Url-1 = {http://adsabs.harvard.edu/cgi-bin/nph-bib_query?bibcode=2001JGR...10623429M&db_key=AST}}

@article{1992JGR.97.7699M,
	Adsnote = {Provided by the NASA Astrophysics Data System},
	Adsurl = {http://adsabs.harvard.edu/cgi-bin/nph-bib_query?bibcode=1992JGR....97.7699M&amp;db_key=AST},
	Author = {{Malin}, M.~C. and {Danielson}, G.~E. and {Ingersoll}, A.~P. and {Masursky}, H. and {Veverka}, J. and {Ravine}, M.~A. and {Soulanille}, T.~A.},
	Date-Added = {2009-03-18 17:07:19 -0700},
	Date-Modified = {2009-03-18 17:07:19 -0700},
	Hardcopy = {Yes},
	Journal = {Journal of Geophysical Research},
	Keywords = {spacecraft; MOC;},
	Month = may,
	Number = {E5},
	Pages = {7699-7718},
	Title = {{Mars Observer Camera}},
	Volume = 97,
	Year = 1992,
	Bdsk-Url-1 = {http://adsabs.harvard.edu/cgi-bin/nph-bib_query?bibcode=1992JGR....97.7699M&amp;db_key=AST}}

@article{2007SSRv..129..391C,
	Adsnote = {Provided by the SAO/NASA Astrophysics Data System},
	Adsurl = {http://adsabs.harvard.edu/abs/2007SSRv..129..391C},
	Author = {{Chin}, G. and {Brylow}, S. and {Foote}, M. and {Garvin}, J. and   {Kasper}, J. and {Keller}, J. and {Litvak}, M. and {Mitrofanov}, I. and   {Paige}, D. and {Raney}, K. and {Robinson}, M. and {Sanin}, A. and   {Smith}, D. and {Spence}, H. and {Spudis}, P. and {Stern}, S.~A. and   {Zuber}, M.},
	Date-Added = {2009-03-13 21:46:40 -0700},
	Date-Modified = {2009-03-13 21:46:40 -0700},
	Journal = {Space Science Reviews},
	Keywords = {Moon, Lunar, Vision for Space Exploration, NASA, Spacecraft, Space instrumentation, Remote observation},
	Month = apr,
	Pages = {391-419},
	Title = {{Lunar Reconnaissance Orbiter Overview: The Instrument Suite and Mission}},
	Volume = 129,
	Year = 2007,
	Bdsk-Url-1 = {http://dx.doi.org/10.1007/s11214-007-9153-y},
	Bdsk-Url-2 = {http://adsabs.harvard.edu/abs/2007SSRv..129..391C}}

@article{2008AGUFM.P31B1419N,
	Adsnote = {Provided by the SAO/NASA Astrophysics Data System},
	Adsurl = {http://adsabs.harvard.edu/abs/2008AGUFM.P31B1419N},
	Author = {{Neumann}, G.~A. and {Lemoine}, F.~G. and {Mazarico}, E. and   {McGarry}, J.~F. and {Rowlands}, D.~D. and {Smith}, D.~E. and   {Sun}, X. and {Torrence}, M. and {Zagwodski}, T. and {Zellar}, R. and   {Zuber}, M.~T.},
	Date-Added = {2009-03-13 21:46:07 -0700},
	Date-Modified = {2009-03-13 21:46:07 -0700},
	Journal = {AGU Fall Meeting Abstracts},
	Keywords = {1221 Lunar and planetary geodesy and gravity (5417, 5450, 5714, 5744, 6019, 6250)},
	Month = dec,
	Pages = {B1419+},
	Title = {{Status of Lunar Reconnaissance Orbiter Laser Ranging and Laser Altimeter Experiments}},
	Year = 2008,
	Bdsk-Url-1 = {http://adsabs.harvard.edu/abs/2008AGUFM.P31B1419N}}

@article{1992JGR....97.7781Z,
	Adsnote = {Provided by the NASA Astrophysics Data System},
	Adsurl = {http://adsabs.harvard.edu/cgi-bin/nph-bib_query?bibcode=1992JGR....97.7781Z&amp;db_key=AST},
	Author = {{Zuber}, M.~T. and {Smith}, D.~E. and {Solomon}, S.~C. and {Muhleman}, D.~O. and {Head}, J.~W. and {Garvin}, J.~B. and {Abshire}, J.~B. and {Bufton}, J.~L.},
	Date-Added = {2009-03-13 21:38:33 -0700},
	Date-Modified = {2009-03-13 21:38:33 -0700},
	Journal = {Journal of Geophysical Research},
	Keywords = {spacecraft; MOLA;},
	Month = may,
	Number = {E5},
	Pages = {7781-7797},
	Title = {{The {Mars Observer} laser altimeter investigation}},
	Volume = 97,
	Year = 1992,
	Bdsk-Url-1 = {http://adsabs.harvard.edu/cgi-bin/nph-bib_query?bibcode=1992JGR....97.7781Z&amp;db_key=AST}}

@article{2001JGR...10623689S,
	Adsnote = {Provided by the NASA Astrophysics Data System},
	Adsurl = {http://adsabs.harvard.edu/cgi-bin/nph-bib_query?bibcode=2001JGR...10623689S&db_key=AST},
	Author = {{Smith}, D.~E. and {Zuber}, M.~T. and {Frey}, H.~V. and {Garvin}, J.~B. and {Head}, J.~W. and {Muhleman}, D.~O. and {Pettengill}, G.~H. and {Phillips}, R.~J. and {Solomon}, S.~C. and {Zwally}, H.~J. and {Banerdt}, W.~B. and {Duxbury}, T.~C. and {Golombek}, M.~P. and {Lemoine}, F.~G. and {Neumann}, G.~A. and {et al.}},
	Date-Added = {2009-03-13 21:37:55 -0700},
	Date-Modified = {2009-03-13 21:37:55 -0700},
	Journal = {Journal of Geophysical Research},
	Keywords = {spacecraft; MOLA;},
	Month = oct,
	Number = {E10},
	Pages = {23689-23722},
	Title = {{{Mars Orbiter Laser Altimeter}: Experiment summary after the first year of global mapping of Mars}},
	Volume = 106,
	Year = 2001,
	Bdsk-Url-1 = {http://adsabs.harvard.edu/cgi-bin/nph-bib_query?bibcode=2001JGR...10623689S&db_key=AST}}

@inproceedings{surf08,
	Author = {Herbert Bay and Andreas Ess and Tinne Tuytelaars and Luc Van Gool},
	Booktitle = {Computer Vision and Image Understanding (CVIU)},
	Date-Added = {2009-03-13 17:08:04 -0700},
	Date-Modified = {2009-03-13 17:10:41 -0700},
	Number = {3},
	Pages = {346-359},
	Title = {{SURF}: Speeded Up Robust Features},
	Url = {http://www.vision.ee.ethz.ch/~surf/},
	Volume = {110},
	Year = {2008},
	Bdsk-Url-1 = {http://www.vision.ee.ethz.ch/~surf/}}

@article{triggs00,
	Abstract = { This paper is a survey of the theory and methods of photogrammetric bundle adjustment, aimed at potential implementors in the computer vision community. Bundle adjustment is the problem of refining a visual reconstruction to produce jointly optimal structure and viewing parameter estimates. Topics covered include the choice of cost function and robustness numerical optimization including sparse Newton methods, linearly convergent approximations, updating and recursive methods gauge (datum) invariance and quality control. The theory is developed for general robust cost functions rather than restricting attention to traditional nonlinear least squares. </P> <P>Keywords: Bundle Adjustment, Scene Reconstruction, Gauge Freedom, Sparse Matrices, Optimization.},
	Author = {Triggs, Bill   and Mclauchlan, Philip  F.  and Hartley, Richard  I.  and Fitzgibbon, Andrew  W. },
	Citeulike-Article-Id = {239461},
	Date-Added = {2009-03-13 17:02:18 -0700},
	Date-Modified = {2009-03-13 17:03:02 -0700},
	Journal = {Lecture Notes in Computer Science},
	Keywords = {3d, from, motion, reconstruction, structure},
	Month = {January},
	Pages = {298+},
	Posted-At = {2008-06-11 14:50:00},
	Priority = {2},
	Title = {Bundle Adjustment -- A Modern Synthesis},
	Volume = {1883},
	Year = {2000},
	Bdsk-Url-1 = {http://www.metapress.com/link.asp?id=PLVCRQ5BX753A2TN}}

@article{Pomerleau12comp,
    author = {Pomerleau, Fran{\c c}ois and Colas, Francis and Siegwart, Roland and Magnenat, St{\'e}phane},
    title = {{Comparing ICP Variants on Real-World Data Sets}},
    journal = {Autonomous Robots},
    year = {2013},
    volume = {34},
    number = {3},
    pages = {133--148},
    month = feb
}

@book{hartley04,
	Author = {Hartley, R.~I. and Zisserman, A.},
	Date-Added = {2009-03-13 16:53:28 -0700},
	Date-Modified = {2009-03-13 16:53:28 -0700},
	Edition = {Second},
	Publisher = {Cambridge University Press, ISBN: 0521540518},
	Title = {Multiple View Geometry in Computer Vision},
	Year = {2004}}

@inproceedings{moore09,
	Author = {Moore, Zach and Wright, Dan and Lewis, Chris and Schinstock, Dale},
	Booktitle = {ASPRS Annual Conf., Baltimore, Maryland},
	Date-Added = {2009-03-13 16:40:51 -0700},
	Date-Modified = {2009-03-13 17:00:03 -0700},
	Title = {Comparison of Bundle Adjustment Formulations},
	Year = {2009}}


#MRO 
@INPROCEEDINGS{ johnston03,
    author = {Johnston, M. D. and Graf, J. E. and Zurek, R. W. and Eisen, H. J. and Jai, B.},
    title = {{The Mars Reconnaissance Orbiter Mission}},
    booktitle = {2003 IEEE Aerospace Conference}, 
    pages = {447-464},
    year = 2003
}

# LRO stuff
@INPROCEEDINGS{2005LPI....36.1576R,
   author = {{Robinson}, M.~S. and {Eliason}, E.~M. and {Hiesinger}, H. and 
	{Jolliff}, B.~L. and {McEwen}, A.~S. and {Malin}, M.~C. and 
	{Ravine}, M.~A. and {Roberts}, D. and {Thomas}, P.~C. and {Turtle}, E.~P.
	},
    title = "{LROC -- Lunar Reconnaissance Orbiter Camera}",
booktitle = {Lunar and Planetary Science XXXVI},
     year = 2005,
   editor = {{Mackwell}, S. and {Stansbery}, E.},
    month = mar,
    number = {\#1576},
	organization = {Lunar and Planetary Institute, Houston (CD-ROM)},
   adsurl = {http://adsabs.harvard.edu/cgi-bin/nph-bib_query?bibcode=2005LPI....36.1576R&db_key=AST},
  adsnote = {Provided by the Smithsonian/NASA Astrophysics Data System}
}

@INPROCEEDINGS{2006LPI....37.1949C,
   author = {{Chin}, G. and {Bartels}, A. and {Brylow}, S. and {Foote}, M. and 
	{Garvin}, J. and {Kaspar}, J. and {Keller}, J. and {Mitrofanov}, I. and 
	{Raney}, K. and {Robinson}, M. and {Smith}, D. and {Spence}, H. and 
	{Spudis}, P. and {Stern}, S.~A. and {Zuber}, M.},
    title = "{Lunar Reconnaissance Orbiter Overview: The Instrument Suite and Mission}",
booktitle = {Lunar and Planetary Science XXXVII},
     year = 2006,
   editor = {{Mackwell}, S. and {Stansbery}, E.},
    month = mar,
    pages = {\#1949},
   adsurl = {http://adsabs.harvard.edu/cgi-bin/nph-bib_query?bibcode=2006LPI....37.1949C&db_key=AST},
  adsnote = {Provided by the Smithsonian/NASA Astrophysics Data System}
}


% SOCET SET ?
@INPROCEEDINGS{2006LPI....37.2050K,
   author = {{Kirk}, R.~L. and {Howington-Kraus}, E. and {Galuszka}, D. and 
	{Redding}, B. and {Hare}, T.~M. and {Heipke}, C. and {Oberst}, J. and 
	{Neukum}, G. and {HRSC Co-Investigator Team}},
    title = "{Mapping Mars with HRSC, ISIS, and SOCET SET}",
booktitle = {Lunar and Planetary Science XXXVII},
     year = 2006,
   editor = {{Mackwell}, S. and {Stansbery}, E.},
    month = mar,
    pages = {\#2050},
   adsurl = {http://adsabs.harvard.edu/cgi-bin/nph-bib_query?bibcode=2006LPI....37.2050K&db_key=AST},
  adsnote = {Provided by the Smithsonian/NASA Astrophysics Data System}
}

% ISIS references:
@INPROCEEDINGS{2004LPI.35.2039A,
   author = {{Anderson}, J.~A. and {Sides}, S.~C. and {Soltesz}, D.~L. and 
	{Sucharski}, T.~L. and {Becker}, K.~J.},
    title = "{Modernization of the Integrated Software for Imagers and Spectrometers}",
booktitle = {Lunar and Planetary Science XXXV},
     year = 2004,
   editor = {{Mackwell}, S. and {Stansbery}, E.},
    month = mar,
	number = {\#2039},
   organization = {Lunar and Planetary Institute, Houston (CD-ROM)},
   adsurl = {http://adsabs.harvard.edu/cgi-bin/nph-bib_query?bibcode=2004LPI....35.2039A&db_key=AST},
  adsnote = {Provided by the Smithsonian/NASA Astrophysics Data System}
}

@INPROCEEDINGS{1997LPI.28.387G,
    author = {{Gaddis}, L. and {Anderson}, J. and {Becker}, K. and
			{Becker}, T. and {Cook}, D. and {Edwards}, K. and 
			{Eliason}, E. and {Hare}, T. and {Kieffer}, H. and 
			{Lee}, E.~M. and {Mathews}, J. and {Soderblom}, L. and
			{Sucharski}, T. and {Torson}, J. and {McEwen}, A. and
			{Robinson}, M.},
    title = "{An Overview of the Integrated Software for Imaging 
				Spectrometers (ISIS)}",
    booktitle = {Lunar and Planetary Science Conference},
    year = 1997,
    month = mar,
    volume = 28,
    pages = {387},
    adsurl = {http://adsabs.harvard.edu/cgi-bin/nph-bib_query?bibcode=1997LPI....28..387G&db_key=AST},
    adsnote = {Provided by the NASA Astrophysics Data System}
}

@unpublished{
	ISIS_website,
	author = {U.S. Geological Survey, Flagstaff, AZ},
	title = {Integrated Software for Imagers and Spectrometers ({ISIS})},
	url = {http://isis.astrogeology.usgs.gov/},
    year= {2009},
	note = ""
	}

@unpublished{
	HiRISE_website,
	author = {University of Arizona, Tuscon},
	title = {The High Resolution Imaging Science Experiment},
	url = {http://hirise.lpl.arizona.edu/},
        year= {2009},
		note =""
	}

% SPICE stuff
@INPROCEEDINGS{1999LPI....30.1233A,
    author = {{Acton}, C.~H.},
    title = "{SPICE Products Available to the Planetary Science Community}",
    booktitle = {Lunar and Planetary Science XXX},
    year = 1999,
    month = mar,
    number = {\#1233},
    organization = {Lunar and Planetary Institute, Houston (CD-ROM)},
    adsurl = {http://adsabs.harvard.edu/cgi-bin/nph-bib_query?bibcode=1999LPI...
.30.1233A&db_key=AST},
    adsnote = {Provided by the NASA Astrophysics Data System}
}

@INPROCEEDINGS{1999ficm.conf.6042A,
    author = {{Acton}, C.~H. and {Bachman}, N.~J. and {Bytof}, J.~A. and
            {Semenov}, B.~V. and {Taber}, W. and {Turner}, F.~S. and
            {Wright}, E.~D.},
    title = "{Examining {Mars} with SPICE}",
    booktitle = {Fifth International Conference on Mars},
    year = 1999,
    month = jul,
    number = {\#6042},
    organization = {Lunar and Planetary Institute, Houston (CD-ROM)},
    adsurl = {http://adsabs.harvard.edu/cgi-bin/nph-bib_query?bibcode=1999ficm.conf.6042A&db_key=AST},
    adsnote = {Provided by the NASA Astrophysics Data System}
}

@ARTICLE{1996P&SS...44...65A,
    author = {{Acton}, C.~H.},
    title = "{Ancillary data services of NASA's Navigation and Ancillary
                Information Facility}",
    journal = {Planetary and Space Science},
    year = 1996,
    month = jan,
    volume = 44,
    pages = {65-70},
    adsurl = {http://adsabs.harvard.edu/cgi-bin/nph-bib_query?bibcode=1996P\%26SS...44...65A&db_key=AST},
    adsnote = {Provided by the NASA Astrophysics Data System}
}

% HRSC Stuff:
@INCOLLECTION{2004mesp.book...17N,
    author = {{Neukum}, G. and {Jaumann}, R.},
    title = "{HRSC: the High Resolution Stereo Camera of Mars Express}",
    booktitle = "Mars Express: the scientific payload",
    editor = {{Wilson}, Andrew and {Chicarro}, Agustin},
    publisher = "ESA Publications Division, Noordwijk, Netherlands",
    number = {ESA SP-1240},
    year = 2004,
    month = aug,
    pages = {17-35},
   adsurl = {http://adsabs.harvard.edu/cgi-bin/nph-bib_query?bibcode=2004mesp.bo
ok...17N&db_key=AST},
  adsnote = {Provided by the Smithsonian/NASA Astrophysics Data System}
}

@INPROCEEDINGS{ ebner04,
    author = {Ebner H. and Spiegel M. and Albert B. and Bernd G. and Neukum G. et. al.},
    title = {{Improving The Exterior Orientation of Mars Express Hrsc Imagery}},
    booktitle = {XXth ISPRS Congress, Commission IV},
    year = 2004
}

% SLOG Stereo matching
@ARTICLE{nishihara05,
    author = {{Nishihara}, H.K.},
    title = {{Practical real-time imaging stereo matcher}},
    journal = {Optical Engineering},
    volume = 23,
    number = 5, 
    year = 1984, 
    pages = {{536-545}}
}

% Current ASP
@INPROCEEDINGS{edwards06,
    author = {{Edwards}, L. and {Broxton}, M.}, 
    title = {{Automated 3D Surface Reconstruction from Orbital Imagery}},
    booktitle = {Proceedings of AIAA Space 2006},
    location = {San Jose, California}, 
    month = {September},
    year = 2006
}

% Stereo pipeline work for MER
@INPROCEEDINGS{edwards05,
    author = {{Edwards}, L. and {Bowman}, J. and {Kunz}, C. and {Lees}, D. and {Sims}, M.},
    title = {{Photo-realistic Terrain Modeling and Visualization for Mars Exploration Rover Science Operations}},
    booktitle = {Proceedings of IEEE SMC 2005},
    location = {Hawaii, USA},
    month = {October},
    year = 2005
}

% Viz
@ARTICLE{nguyen01,
    author = {Nguyen, L., et al.}, 
    title = {{Virtual reality interfaces for visualization and control of remote vehicles}},
    journal = {Autonomous Robots}, 
    volume = 11,
    number = 1, 
    year = 2001
}

% Original Stereo Pipeline
@ARTICLE{stoker99,
    author = {Stoker, C. et al.}, 
    title = {{Analyzing Pathfinder data using virtual reality and superresolved imaging}},
    journal = {Journal of Geophysical Research}, 
    volume = 104,
    number = {E4},
    pages = {8889-8906}, 
    month = {April},
    year = 1999
}

@ARTICLE{gupta97,
    author = {Gupta, Rajiv and Hartley, Richard I.},
    title = {{Linear Pushbroom Cameras}},
    journal = {IEEE Transactions on Pattern Analysis and Machine Intelligence},
    volume = 19,
    number = 9,
    month = {September},
    year = 1997
}

% HRSC DTM Comparison
@INPROCEEDINGS{heipke06,
   author = {C. Heipke and J. Oberst et. al},
   title = {{The HRSC DTM Test}},
   booktitle = {Symposium of ISPRS Commission IV - Geo Spatial Databases for Sustainable Development},
   year = 2006
}

% USGS analysis of MOC DTMs (some washboarding/DTM registration references)
@ARTICLE{kirk02,
   author = {Kirk, R.L. and Soderblom, Laurence A. and
                  Howington-Kraus, Elipitha and Archinal, Brent},
   title = {{USGS High-Resolution Topomapping of Mars with Mars Orbiter
                  Camera Narrow-Angle Images}},
   journal = {IAPRS: GeoSpatial Theory, Processing and Applications},
   volume = 34, 
   part = 4,
   year = 2002
}

@INPROCEEDINGS{2002LPI....33.1845I,
   author = {{Ivanov}, A.~B. and {Lorre}, J.~J.},
    title = "{Analysis of Mars Orbiter Camera Stereo Pairs}",
booktitle = {Lunar and Planetary Institute Conference Abstracts},
     year = 2002,
    month = mar,
    pages = {1845-+},
   adsurl = {http://adsabs.harvard.edu/cgi-bin/nph-bib_query?bibcode=2002LPI....33.1845I&db_key=AST},
  adsnote = {Provided by the Smithsonian/NASA Astrophysics Data System}
}

% SIFT
@ARTICLE{lowe04,
   author = {Lowe, David G.},
   title = {{Distinctive Image Features from Scale-Invariant Keypoints}},
   journal = { International Journal of Computer Vision },
   year = 2004
}

% RANSAC
@ARTICLE{ fischler81,
   author = {Fischler, Martin A. and Bolles, Robert C.},
   title = {{Random Sample Consensus: A Paradigm for Model Fitting with
                  Applications to Image Analysis and Automated
                  Cartography}},
   journal = {Graphics and Image Processing},
   volume = 24,
   number = 6,
   month = {June},
   year = 1981
}

% Vision Workbench
@unpublished{
	visionworkbench,
	author = {NASA ARC Intelligent Systems Division},
	title = {{NASA Vision Workbench}},
	note = "NASA Ames Research Center, Moffett Field, CA. {\em http://ti.arc.nasa.gov/visionworkbench/}",
	url = {http://ti.arc.nasa.gov/visionworkbench/}
	}

@unpublished{ brady06,
	author = {Brady, Tye},
	title = {{ALHAT Requirements}},
	note = "presentation at the Lunar Coordinate Systems Review Data Product Recommendation Meeting, NASA Ames Research Center, October 11.",
}

@string{ICCV = "International Conference on Computer Vision"}
@string{CVPR = "IEEE Computer Vision and Pattern Recognition or CVPR."}

@inproceedings{Stein06:attenuating,
   author = "Andrew Stein and Andres Huertas and Larry Matthies",
   title = "Attenuating Stereo Pixel-Locking via Affine Window Adaptation",
   booktitle = "IEEE International Conference on Robotics and Automation",
   pages = "914 - 921",
   month = "May",
   year = "2006"
}

@ARTICLE{Sun02rectangular,
author="Sun, Changming",
title="Fast Stereo Matching Using Rectangular Subregioning and 3D Maximum-Surface Techniques",
journal="International Journal of Computer Vision",
year="2002",
month="Apr",
day="01",
volume="47",
number="1",
pages="99--117",
issn="1573-1405",
url="https://doi.org/10.1023/A:1014585622703"
}



@ARTICLE{Nishihara84practical,
   author = {H.K. Nishihara},
   title = {{PRISM: A Practical real-time imaging stereo matcher}}, 
   journal = {{Optical Engineering}},
   volume = {23}, 
   number = {5}, 
   year = {1984},
   pages = {536-545}
}


@ARTICLE{Szeliski03sampling,
   author = "Richard Szeliski and Daniel Scharstein",
   title = {{Sampling the Disparity Space Image}},
   journal = {{IEEE Transactions on Pattern Analysis and Machine Intelligence (PAMI)}},
   year = "2003",
   volume = "26",
   pages = "419 - 425"
}

@inproceedings{robinson05:lroc,
   author = "M.S. Robinson and E.M. Eliason and H. Hiesinger and
                  B.L. Jolliff and A.S. McEwen and M.C. Malin and
                  M.A. Ravine and D. Roberts and P.C. Thomas and
                  E.P. Turtle",
   title = {{LROC - Lunar Reconaissance Orbiter Camera}},
   booktitle = "Proc of the Lunar and Planetary Science Conference (LPSC) XXXVI",
   pages = "1576",
   month = "March",
   year = "2005"
}

@inproceedings{anderson08:isis,
   author = "J.A. Anderson",
   title = {{ISIS Camera Model Design}},
   booktitle = "Proc of the Lunar and Planetary Science Conference (LPSC) XXXIX",
   pages = "2159",
   month = "March",
   year = "2008"
}

@inproceedings{lawrence08:apollo,
   author = "S. J. Lawrence and M. S. Robinson and M. Broxton and
                  J. D. Stopar and W. Close and J. Grunsfeld and
                  R. Ingram and L. Jefferson and S. Locke and
                  R. Mitchell and T. Scarsella and M. White and
                  M. A. Hager and T. R. Watters ad E. Bowman-Cisneros
                  and J. Danton and J. Garvin",
   title = {{The Apollo Digital Image Archive: New Research and Data Products}},
   booktitle = "Proc of the NLSI Lunar Science Conference",
   pages = "2066",
   year = "2008"
}

@ARTICLE{Baker04:lucas-kanade,
author="Baker, Simon and Matthews, Iain",
title="Lucas-Kanade 20 Years On: A Unifying Framework",
journal="International Journal of Computer Vision",
year="2004",
month="Feb",
day="01",
volume="56",
number="3",
pages="221--255",
issn="1573-1405",
url="https://doi.org/10.1023/B:VISI.0000011205.11775.fd"
}


@phdthesis{Menard97:robust,
    author = {Christian Menard},
    title = {{Robust Stereo and Adaptive Matching in Correlation Scale-Space}},
    school = {Institute of Automation, Vienna Institute of Technology (PRIP-TR-45)},
    year = "1997",
    month = "January"
}

 	
@article{Nehab05:improved,
author = {Diego Nehab and Szymon Rusinkiewicz and James Davis},
title = {Improved Sub-pixel Stereo Correspondences through Symmetric Refinement},
journal ={Computer Vision, IEEE International Conference on},
volume = {1},
year = {2005},
issn = {1550-5499},
pages = {557-563},
publisher = {IEEE Computer Society},
address = {Los Alamitos, CA, USA},
}

@ARTICLE{cheng04:bayesian,
title={Bayesian Stereo Matching},
author={ Li Cheng and Caelli, T.},
journal={Computer Vision and Pattern Recognition Workshop, 2004. CVPRW '04. Conference on},
year={2004},
month={June},
volume={},
number={},
pages={ 192-192},
ISSN={}, }

@inproceedings{nefian:bayes_em,
   title={{A Bayesian Formulation for Subpixel Refinement in Stereo Orbital Imagery}},
   author={ Ara V. Nefian and Kyle Husmann and Michael Broxton and Mattew D. Hancher and Michael Lundy},
   booktitle = "to appear in the Proceedings of the 2009 IEEE International Conference on Image Processing",
   year = "2009"
}

@inproceedings{broxton:isvc09,
   title={{ 3D Lunar Terrain Reconstruction from Apollo Images }},
   author={ Michael Broxton and Ara V. Nefian and Zachary Moratto and Taemin Kim and Michael Lundy and Aleksandr V. Segal },
   booktitle = {{to appear in the Proceedings of the 5th International Symposium on Visual Computing}},
   year = "2009"
}

@inproceedings{konolige:sparsesparse,
	title = {Sparse Sparse Bundle Adjustment},
	booktitle = {British Machine Vision Conference},
	year = {2010},
	month = {08/2010},
	address = {Aberystwyth, Wales},
	keywords = {computer vision, perception},
	attachments = {http://www.willowgarage.com/sites/default/files/ssba.pdf},
	author = {Kurt Konolige}
}

@article{cholmod,
 author = {Chen, Yanqing and Davis, Timothy A. and Hager, William W. and Rajamanickam, Sivasankaran},
 title = {Algorithm 887: CHOLMOD, Supernodal Sparse Cholesky Factorization and Update/Downdate},
 journal = {ACM Trans. Math. Softw.},
 issue_date = {October 2008},
 volume = {35},
 number = {3},
 month = oct,
 year = {2008},
 issn = {0098-3500},
 pages = {22:1--22:14},
 articleno = {22},
 numpages = {14},
 url = {http://doi.acm.org/10.1145/1391989.1391995},
 acmid = {1391995},
 publisher = {ACM},
 address = {New York, NY, USA},
 keywords = {Cholesky factorization, linear equations, sparse matrices},
}

@misc{lunokhod:controlnetwork,
author = {Moratto, Zachary},
title = {Creating Control Networks and Bundle Adjusting with ISIS3},
journal = {Lunokhod},
type = {Blog},
number = {March 5},
year = {2012},
howpublished = {\url{http://lunokhod.org/?p=468}}
}

@misc{lunokhod:gcp,
author = {Moratto, Zachary},
title = {Making well registered DEMs with ISIS and Ames Stereo Pipeline},
journal = {Lunokhod},
type = {Blog},
number = {April 14},
year = {2012},
howpublished = {\url{http://lunokhod.org/?p=559}}
}

@unpublished{isis:documentation,
	author = {USGS Astrogeology Science Center},
	title = {{USGS ISIS Documentation}},
	note = "Isis 3 Application Documentation {\em http://isis.astrogeology.usgs.gov/Application/index.html}",
	url = {http://isis.astrogeology.usgs.gov/Application/index.html}
}

@misc{cgiar:srtm90m,
        author = {The CGIAR Consortium for Spatial Information},
        title = {{CGIAR-CSI SRTM 90m DEM Digital Elevation Database}},
        url = {http://srtm.csi.cgiar.org}
}

@unpublished{digital-globe:samples,
        author = {Digital Globe},
        title  = {{Satellite Imagery and Geospatial Information Products}},
        note   = "Digital Globe sample imagery {\em https://www.digitalglobe.com/samples}",
        url    = {https://www.digitalglobe.com/samples}
}

@unpublished{digital-globe:camera,
        author = {Digital Globe},
        title  = {{Radiometric Use of WorldView 2 Imagery}},
        note   = "Description of the WV02 camera",
        url    = {https://dg-cms-uploads-production.s3.amazonaws.com/uploads/document/file/104/Radiometric_Use_of_WorldView-2_Imagery.pdf}
}

@misc{planetaryblog:vesta,
        author = {Machacek, Daniel},
        title  = {{Images from the long-awaited Dawn Vesta data set}},
        journal = {The Planetary Society},
        type = {Guest Blog},
        number = {November 29},
        year = {2012},
        howpublished = {\url{http://www.planetary.org/blogs/guest-blogs/20121129-machacek-dawn-vesta.html}}
}

% Multi-view triangulation
@unpublished{slabaugh2001optimal,
  title={Optimal ray intersection for computing 3d points from n-view correspondences},
  author={Slabaugh, Greg and Schafer, Ron and Livingston, Mark},
  year={2001},
  note={},
  url={http://www.gregslabaugh.net/publications/opray.pdf}
}

% Lunar lambertian
@article{mcewen1991photometric,
  title={Photometric functions for photoclinometry and other applications},
  author={McEwen, Alfred S},
  journal={Icarus},
  volume={92},
  number={2},
  pages={298--311},
  year={1991},
  publisher={Elsevier}
}

@article{lohse2006derivation,
  title={Derivation of planetary topography using multi-image shape-from-shading},
  author={Lohse, Volker and Heipke, Christian and Kirk, Randolph L},
  journal={Planetary and space science},
  volume={54},
  number={7},
  pages={661--674},
  year={2006},
  publisher={Elsevier}
}

@article{abrams2002aster,
  title={ASTER User Handbook, version 2},
  author={Abrams, Michael and Hook, Simon and Ramachandran, Bhaskar},
  journal={Jet Propulsion Laboratory},
  volume={4800},
  pages={135},
  year={2002}
}

@article{girod2015improvement,
  title={Improvement of DEM generation from ASTER images using satellite jitter estimation and open source implementation},
  author={Girod, L and Nuth, C and K{\"a}{\"a}b, A},
  journal={The International Archives of Photogrammetry, Remote Sensing and Spatial Information Sciences},
  volume={40},
  number={1},
  pages={249},
  year={2015},
  publisher={Copernicus GmbH}
}

%% This BibTeX bibliography file was created using BibDesk.
%% http://bibdesk.sourceforge.net/


%% Created for Ross Beyer at 2014-03-24 17:05:49 -0700 


%% Saved with string encoding Unicode (UTF-8) 



@article{2012P&SS...71...64D,
	Adsnote = {Provided by the SAO/NASA Astrophysics Data System},
	Adsurl = {http://adsabs.harvard.edu/abs/2012P%26SS...71...64D},
	Author = {{Debei}, S. and {Aboudan}, A. and {Colombatti}, G. and {Pertile}, M.},
	Date-Added = {2014-03-25 00:05:00 +0000},
	Date-Modified = {2014-03-25 00:05:10 +0000},
	Journal = {Planetary and Space Science},
	Month = oct,
	Pages = {64-72},
	Title = {{Lutetia surface reconstruction and uncertainty analysis}},
	Volume = 71,
	Year = 2012,
	Bdsk-Url-1 = {http://dx.doi.org/10.1016/j.pss.2012.07.013}
	}

@inproceedings{Kunz:2010zr,
	Annote = {References Broxton et al., but doesn't really use ASP.},
	Author = {Kunz, C. and Singh, H.},
	Booktitle = {Autonomous Underwater Vehicles (AUV), 2010 IEEE/OES},
	Date-Added = {2013-04-26 19:59:28 +0000},
	Date-Modified = {2013-04-26 19:59:32 +0000},
	Issn = {1522-3167},
	Keywords = {SLAM (robots);calibration;distance measurement;image matching;mobile robots;pose estimation;remotely operated vehicles;robot vision;stereo image processing;underwater vehicles;AUV mapping system;SeaBED AUV;camera calibration;frame-to-frame visual feature matching;full 3D structure recovering;odometry-based pose estimation;on-board vehicle navigation sensor;robot;seafloor mapping;simultaneous localization and mapping;stereo calibration;stereo self-calibration;stereo vision;stereo visual odometry;structure from motion;subpixel stereo correspondence estimation;visual maps;Calibration;Cameras;Image reconstruction;Navigation;Sea measurements;Vehicles;Visualization},
	Pages = {1-7},
	Title = {Stereo self-calibration for seafloor mapping using AUVs},
	Year = {2010},
	Bdsk-Url-1 = {http://dx.doi.org/10.1109/AUV.2010.5779655}}

@article{Kim20092095,
	Annote = {Mentions, but does not use ASP.},
	Author = {J.R. Kim and J.-P. Muller},
	Date-Added = {2013-04-26 19:03:21 +0000},
	Date-Modified = {2013-04-26 19:03:26 +0000},
	Issn = {0032-0633},
	Journal = {Planetary and Space Science},
	Keywords = {Slope},
	Number = {14--15},
	Pages = {2095 - 2112},
	Title = {Multi-resolution topographic data extraction from Martian stereo imagery},
	Url = {http://www.sciencedirect.com/science/article/pii/S0032063309002888},
	Volume = {57},
	Year = {2009},
	Bdsk-Url-1 = {http://www.sciencedirect.com/science/article/pii/S0032063309002888},
	Bdsk-Url-2 = {http://dx.doi.org/10.1016/j.pss.2009.09.024}}

@inproceedings{Schwendner:vn,
	Annote = {Doesn't actually use ASP, just mentions it as an example.},
	Author = {Schwendner, Jakob and Hidalgo, Javier},
	Booktitle = {International Symposium on Artificial Intelligence, Robotics and Automation in Space (i-SAIRAS)},
	Date-Added = {2013-04-26 18:58:34 +0000},
	Date-Modified = {2013-04-26 19:01:09 +0000},
	Month = {September},
	Title = {Terrain Aided navgiation for Plaentary Exploration Missions},
	Year = {2012}}

@article{Debei201264,
	Annote = {ASP is mentioned as an example, but I don't think this text is 'using' ASP for their results.},
	Author = {Stefano Debei and Alessio Aboudan and Giacomo Colombatti and Marco Pertile},
	Date-Added = {2013-04-26 18:54:17 +0000},
	Date-Modified = {2013-04-26 18:54:26 +0000},
	Issn = {0032-0633},
	Journal = {Planetary and Space Science},
	Keywords = {Uncertainty},
	Number = {1},
	Pages = {64 - 72},
	Title = {Lutetia surface reconstruction and uncertainty analysis},
	Url = {http://www.sciencedirect.com/science/article/pii/S0032063312002073},
	Volume = {71},
	Year = {2012},
	Bdsk-Url-1 = {http://www.sciencedirect.com/science/article/pii/S0032063312002073},
	Bdsk-Url-2 = {http://dx.doi.org/10.1016/j.pss.2012.07.013}}

@article{Li:2011fk,
	Annote = {Doesn't really "use" ASP, just obliquely talks about it.},
	Author = {Rongxing Li and Juwon Hwangbo and Yunhang Chen and Kaichang Di},
	Date-Added = {2013-04-26 18:23:29 +0000},
	Date-Modified = {2013-04-26 18:24:06 +0000},
	Issn = {0196-2892},
	Journal = {Geoscience and Remote Sensing, IEEE Transactions on},
	Number = {7},
	Pages = {2558-2572},
	Title = {Rigorous Photogrammetric Processing of HiRISE Stereo Imagery for Mars Topographic Mapping},
	Volume = {49},
	Year = {2011},
	Bdsk-Url-1 = {http://dx.doi.org/10.1109/TGRS.2011.2107522}
}

@article{hirschmuller_sgm_original,
  title={Stereo Processing by Semiglobal Matching and Mutual Information},
  author={Hirschm{\"u}ller, Heiko},
  journal={IEEE Transactions on Pattern Analysis and Machine Intelligence},
  volume={30},
  pages={328--341},
  year={2008},
  publisher={IEEE Computer Society}
}

@article{hirschmuller_hrsc_with_sgm,
  title={Stereo processing of HRSC Mars Express images by semi-global matching},
  author={Hirschm{\"u}ller, Heiko and Mayer, Helmut and Neukum, G and others},
  journal={Int. Arch. Photogramm. Remote Sensing Spatial Inf. Sci},
  volume={36},
  pages={305--310},
  year={2006}
}

@inproceedings{xiang_2016_low_complexity_fsgm,
  title={Low complexity optical flow using neighbor-guided semi-global matching},
  author={Xiang, Jiang and Li, Ziyun and Blaauw, David and Kim, Hun Seok and Chakrabarti, Chaitali},
  booktitle={2016 IEEE International Conference on Image Processing (ICIP)},
  pages={4483--4487},
  year={2016},
  organization={IEEE}
}

@inproceedings{rothermel2012sure_isgm,
  title={SURE: Photogrammetric surface reconstruction from imagery},
  author={Rothermel, Mathias and Wenzel, Konrad and Fritsch, Dieter and Haala, Norbert},
  booktitle={Proceedings LC3D Workshop, Berlin},
  volume={8},
  year={2012}
}


@article{hapke2008bidirectional,
  title={Bidirectional reflectance spectroscopy: 6. Effects of porosity},
  author={Hapke, Bruce},
  journal={Icarus},
  volume={195},
  number={2},
  pages={918--926},
  year={2008},
  publisher={Elsevier}
}

@article{hapke1993opposition,
  title={The opposition effect of the moon: The contribution of coherent backscatter},
  author={Hapke, Bruce W and Nelson, Robert M and Smythe, William D},
  journal={Science},
  volume={260},
  number={5107},
  pages={509--511},
  year={1993}
}

@article{johnson2006spectrophotometric,
  title={Spectrophotometric properties of materials observed by Pancam on the Mars Exploration Rovers: 1. Spirit},
  author={Johnson, Jeffrey R and Grundy, William M and Lemmon, Mark T and Bell, James F and Johnson, Miles J and Deen, Robert G and Arvidson, Raymond E and Farrand, William H and Guinness, Edward A and Hayes, Alexander G and others},
  journal={Journal of Geophysical Research: Planets},
  volume={111},
  number={E2},
  year={2006},
  publisher={Wiley Online Library}
}

@article{fernando2013surface,
  title={Surface reflectance of Mars observed by CRISM/MRO: 2. Estimation of surface photometric properties in Gusev Crater and Meridiani Planum},
  author={Fernando, J and Schmidt, F and Ceamanos, X and Pinet, P and Dout{\'e}, S and Daydou, Y},
  journal={Journal of Geophysical Research: Planets},
  volume={118},
  number={3},
  pages={534--559},
  year={2013},
  publisher={Wiley Online Library}
}

@inproceedings{smith2011results,
  title={Results from the Lunar Orbiter Laser Altimeter (LOLA): global, high resolution topographic mapping of the Moon},
  author={Smith, DE and Zuber, MT and Neumann, GA and Mazarico, E and Head, J and Torrence, MH and others},
  booktitle={Lunar and Planetary Science Conference},
  volume={42},
  pages={2350},
  year={2011}
}

@inproceedings{zabih1994census,
  title={Non-parametric local transforms for computing visual correspondence},
  author={Zabih, Ramin and Woodfill, John},
  booktitle={European conference on computer vision},
  pages={151--158},
  year={1994},
  organization={Springer}
}

@article{hua2016texture,
  title={Texture-Aware Dense Image Matching Using Ternary Census Transform},
  author={Hua, Han and Chenb, Chongtai and Wua, Bo and Yangc, Xiaoxia and Zhub, Qing and Dingb, Yulin},
  journal={ISPRS Annals of Photogrammetry, Remote Sensing and Spatial Information Sciences},
  pages={59--66},
  year={2016}
}

@inproceedings{facciolo2015mgm,
  title={Mgm: A significantly more global matching for stereovision},
  author={Facciolo, Gabriele and De Franchis, Carlo and Meinhardt, Enric},
  booktitle={Proceedings of the British Machine Vision Conference (BMVC), BMVA Press},
  pages={90--1},
  year={2015}
}

@article{asp2018,
author = {Beyer, Ross A. and Alexandrov, Oleg and McMichael, Scott},
title = {The {Ames Stereo Pipeline}: {NASA}'s Open Source Software for Deriving and Processing Terrain Data},
journal = {Earth and Space Science},
volume = {},
number = {},
pages = {}
}

@article{guizar2008efficient,
  title={Efficient subpixel image registration algorithms},
  author={Guizar-Sicairos, Manuel and Thurman, Samuel T and Fienup, James R},
  journal={Optics letters},
  volume={33},
  number={2},
  pages={156--158},
  year={2008},
  publisher={Optical Society of America}
}
@inproceedings{toldo2010global,
  title={Global registration of multiple point clouds embedding the generalized procrustes analysis into an ICP framework},
  author={Toldo, Roberto and Beinat, Alberto and Crosilla, Fabio},
  booktitle={Proc. 3DPVT},
  pages={109--122},
  year={2010}
}

@article{sohn2004mathematical,
  title={Mathematical modelling of historical reconnaissance CORONA KH-4B imagery},
  author={Sohn, Hong-Gyoo and Kim, Gi-Hong and Yom, Jae-Hong},
  journal={The Photogrammetric Record},
  volume={19},
  number={105},
  pages={51--66},
  year={2004},
  publisher={Wiley Online Library}
}

@inproceedings{schenk2003rigorous,
  title={Rigorous panoramic camera model for DISP imagery},
  author={Schenk, Toni and Csatho, Beata and Shin, Sung Woong},
  booktitle={Proceedings of the ISPRS Workshop: High Resolution Mapping from Space},
  year={2003}
}

@inproceedings{hare2017community,
  title={Community Sensor Model standard for the planetary domain},
  author={Hare, TM and Kirk, RL},
  booktitle={Lunar and Planetary Science Conference},
  volume={48},
  year={2017}
}

@article{tsai1987,
  author={R. {Tsai}},
  journal={IEEE Journal on Robotics and Automation},
  title={A versatile camera calibration technique for high-accuracy 3D machine vision metrology using off-the-shelf TV cameras and lenses},
  year={1987},
  volume={3},
  number={4},
  pages={323-344},
  keywords={Calibration;Machine vision;Measurement;Cameras;Calibration;Machine vision;Metrology;TV;Lenses;Robot vision systems;Robotic assembly;Robot kinematics;Application software},
  doi={10.1109/JRA.1987.1087109},
  ISSN={2374-8710},
  month={August}
}

@article{brown1971,
  author={Brown, D. C.},
  journal={Photogrammetric Engineering},
  title={Close-Range Camera Calibration},
  year=1971,
  volume=37,
  number=8,
  pages={855-866}
}

@article{brown1966,
  author={Brown, D. C.},
  journal={Photogrammetric Engineering},
  title={Decentering Distortion of Lenses},
  year=1966,
  volume=32,
  number=3,
  pages={444-462}
}

@article{2019EA000713,
  author = {Laura, J.R. and Mapel, J. and Hare, T.},
  title = {Planetary Sensor Models Interoperability using the Community Sensor Model Specification},
  year = 2020,
  journal = {Earth and Space Science},
  pages = {e2019EA000713},
  doi = {10.1029/2019EA000713},
  url = {https://agupubs.onlinelibrary.wiley.com/doi/abs/10.1029/2019EA000713},
  eprint = {https://agupubs.onlinelibrary.wiley.com/doi/pdf/10.1029/2019EA000713},
  note = {e2019EA000713 2019EA000713}
}

@techreport{CSMTRD,
author = {Community Sensor Model Working Group},
title = {{Community Sensor Model (CSM) Technical Requirements Document (TRD)}},
institution = {National Geospatial Intelligence Agency},
year = 2007,
url = {https://gwg.nga.mil/documents/csmwg/CSM_TRD__Version_2.A%20Revision_2007_Aug_01__for_DISR.pdf}
}

@INPROCEEDINGS{2015LPI462703B,
       author = {{Becker}, K.~J. and {Archinal}, B.~A. and {Hare}, T.~H. and
         {Kirk}, R.~L. and {Howington-Kraus}, E. and {Robinson}, M.~S. and
         {Rosiek}, M.~R.},
        title = "{Criteria for Automated Identification of Stereo Image Pairs}",
    booktitle = {Lunar and Planetary Science Conference},
         year = 2015,
       series = {Lunar and Planetary Science Conference},
        month = mar,
        pages = {2703},
          url = {https://ui.adsabs.harvard.edu/abs/2015LPI....46.2703B},
      adsnote = {Provided by the SAO/NASA Astrophysics Data System}
}

@article{thormahlen1985refractive,
  title={Refractive index of water and its dependence on wavelength, temperature, and density},
  author={Thorm{\"a}hlen, I and Straub, Johannes and Grigull, Ulrich},
  journal={Journal of physical and chemical reference data},
  volume={14},
  number={4},
  pages={933--945},
  year={1985},
  publisher={American Institute of Physics for the National Institute of Standards and~…}
}

@article{harvey1998calibration,
  title={Calibration stability of an underwater stereo-video system: implications for measurement accuracy and precision},
  author={Harvey, Evan S and Shortis, Mark R},
  journal={Marine Technology Society Journal},
  volume={32},
  number={2},
  pages={3--17},
  year={1998},
  publisher={Washington, DC: Marine Technology Society}
}

@article{austin1976index,
  title={The index of refraction of seawater, 121 pp},
  author={Austin, RW and Halikas, G},
  journal={Scripps Inst. of Oceanogr., Ia Jolla, Calif},
  year={1976}
}

@book{mobley1995optical,
  title={The optical properties of water. Handbook of Optics, ed Bass M},
  author={Mobley, CD},
  year={1995},
  publisher={McGraw-Hill, New York),}
}

@book{jerlov1976marine,
  title={Marine optics},
  author={Jerlov, Nils Gunnar},
  year={1976},
  publisher={Elsevier}
}

@article{tukey1977exploratory,
  title={Exploratory Data Analysis Addision-Wesley},
  author={Tukey, John W},
  journal={Reading, Ma},
  volume={688},
  year={1977}
}

@article{buades2015reliable,
  title={Reliable multiscale and multiwindow stereo matching},
  author={Buades, Antoni and Facciolo, Gabriele},
  journal={SIAM Journal on Imaging Sciences},
  volume={8},
  number={2},
  pages={888--915},
  year={2015},
  publisher={SIAM}
}

@INPROCEEDINGS{Geiger2010ACCV,
  author = {Andreas Geiger and Martin Roser and Raquel Urtasun},
  title = {Efficient Large-Scale Stereo Matching},
  booktitle = {Asian Conference on Computer Vision (ACCV)},
  year = {2010}
}

@inproceedings{de2014automatic,
  title={An automatic and modular stereo pipeline for pushbroom images},
  author={De Franchis, Carlo and Meinhardt-Llopis, Enric and Michel, Julien and Morel, Jean-Michel and Facciolo, Gabriele},
  booktitle={ISPRS Annals of the Photogrammetry, Remote Sensing and Spatial Information Sciences},
  year={2014}
}

@article{tao2018massive,
  title={Massive stereo-based DTM production for Mars on cloud computers},
  author={Tao, Y and Muller, J-P and Sidiropoulos, P and Xiong, Si-Ting and Putri, ARD and Walter, SHG and Veitch-Michaelis, J and Yershov, V},
  journal={Planetary and Space Science},
  volume={154},
  pages={30--58},
  year={2018},
  publisher={Elsevier}
}

@article{nugent1966velocity,
  title={Velocity aberration and atmospheric refraction in satellite laser communication experiments},
  author={Nugent, LJ and Condon, RJ},
  journal={Applied optics},
  volume={5},
  number={11},
  pages={1832--1837},
  year={1966},
  publisher={Optical Society of America}
}

@article{bhushan2021automated,
  title={Automated digital elevation model (DEM) generation from very-high-resolution Planet SkySat triplet stereo and video imagery},
  author={Bhushan, Shashank and Shean, David and Alexandrov, Oleg and Henderson, Scott},
  journal={ISPRS Journal of Photogrammetry and Remote Sensing},
  volume={173},
  pages={151--165},
  year={2021},
  publisher={Elsevier}
}


@article{palaseanu2021bathy, 
  title = {Open source satellite derived bathymetry module for NASA Ames Stereo Pipeline}, 
  author = {Palaseanu, Monica and Alexandrov, Oleg and Danielson, Jeff}, 
  journal = {Earth and Space Science Open Archive}, 
  pages = {4}, 
  year = {2021},
  doi = {10.1002/essoar.10509185.1}, 
  url = {https://doi.org/10.1002/essoar.10509185.1}
}


@article{alexandrov2018multiview,
  title={Multiview Shape-From-Shading for Planetary Images},
  author={Alexandrov, Oleg and Beyer, Ross A},
  journal={Earth and Space Science},
  volume={5},
  number={10},
  pages={652--666},
  year={2018},
  publisher={Wiley Online Library}
}

@article{tao2016optimised,
  title={An optimised system for generating multi-resolution DTMS using NASA DTMS datasets},
  author={Tao, Y and Muller, JP and Sidiropoulos, P and Veitch-Michaelis, J and Yershov, V},
  journal={ISPRS-International Archives of the Photogrammetry, Remote Sensing and Spatial Information Sciences},
  volume={41},
  pages={115--121},
  year={2016},
  publisher={Copernicus GmbH}
}

@article{sidiropoulos2018automatic,
  title={Automatic coregistration and orthorectification (ACRO) and subsequent mosaicing of NASA high-resolution imagery over the Mars MC11 quadrangle, using HRSC as a baseline},
  author={Sidiropoulos, Panagiotis and Muller, Jan-Peter and Watson, Gillian and Michael, Gregory and Walter, Sebastian},
  journal={Planetary and Space Science},
  volume={151},
  pages={33--42},
  year={2018},
  publisher={Elsevier}
}

@article{remy2002gstl,
  title={GsTL: The geostatistical template library in C++},
  author={Remy, Nicolas and Shtuka, Arben and Levy, Bruno and Caers, Jef},
  journal={Computers \& Geosciences},
  volume={28},
  number={8},
  pages={971--979},
  year={2002},
  publisher={Elsevier}
}

@article{ohman2015procedure,
  title={Procedure for processing LRO WAC monochromatic images with ISIS 3 for photogeologic purposes},
  author={{\"O}hman, Teemu},
  url = {https://www.lpi.usra.edu/lunar/tools/dems/Ohman_mono-WAC_ISIS_procedure_v1-1.pdf},
  journal={Lunar and Planetary Institute},
  year={2015}
}

@article{kirk2016semi,
  title={A semi-rigorous sensor model for precision geometric processing of mini-RF bistatic radar images of the moon},
  author={Kirk, RL and Barrett, JM and Wahl, DE and Erteza, I and Jackowatz, CV and Yocky, DA and Turner, S and Bussey, DBJ and Paterson, GW},
  journal={The International Archives of Photogrammetry, Remote Sensing and Spatial Information Sciences},
  volume={41},
  pages={425},
  year={2016},
  publisher={Copernicus GmbH}
}

@inproceedings{kirk2011radargrammetric,
  title={Radargrammetric Analysis of Mini-RF Lunar Images},
  author={Kirk, RL and Howington-Kraus, E and Becker, TL and Cook, D and Barrett, JM and Neish, CD and Thomson, BJ and Bussey, DBJ},
  booktitle={EPSC-DPS Joint Meeting 2011},
  volume={2011},
  pages={1473},
  year={2011}
}

@article{shin2012progressively,
  title={Progressively weighted affine adaptive correlation matching for quasi-dense 3D reconstruction},
  author={Shin, Dongjoe and Muller, Jan-Peter},
  journal={Pattern Recognition},
  volume={45},
  number={10},
  pages={3795--3809},
  year={2012},
  publisher={Elsevier}
}

@article{otto1989region,
  title={‘Region-growing’algorithm for matching of terrain images},
  author={Otto, G Paul and Chau, Tony KW},
  journal={Image and vision computing},
  volume={7},
  number={2},
  pages={83--94},
  year={1989},
  publisher={Elsevier}
}

@article{bertone2023highly,
  title={Highly Resolved Topography and Illumination at Mercury’s South Pole from MESSENGER MDIS NAC},
  author={Bertone, Stefano and Mazarico, Erwan and Barker, Michael K and Siegler, Matthew A and Martinez-Camacho, Jose M and Hamill, Colin D and Glantzberg, Allison K and Chabot, Nancy L},
  journal={The Planetary Science Journal},
  volume={4},
  number={2},
  pages={21},
  year={2023},
  publisher={IOP Publishing}
}

@article{caravaca20203d,
  title={3D digital outcrop model reconstruction of the Kimberley outcrop (Gale crater, Mars) and its integration into Virtual Reality for simulated geological analysis},
  author={Caravaca, Gw{\'e}na{\"e}l and Le Mou{\'e}lic, St{\'e}phane and Mangold, Nicolas and L’Haridon, Jonas and Le Deit, Laetitia and Mass{\'e}, Marion},
  journal={Planetary and Space Science},
  volume={182},
  pages={104808},
  year={2020},
  publisher={Elsevier}
}
@Article{palaseanu2023,
AUTHOR = {Palaseanu-Lovejoy, Monica and Alexandrov, Oleg and Danielson, Jeff and Storlazzi, Curt},
TITLE = {SaTSeaD: Satellite Triangulated Sea Depth Open-Source Bathymetry Module for NASA Ames Stereo Pipeline},
JOURNAL = {Remote Sensing},
VOLUME = {15},
YEAR = {2023},
NUMBER = {16},
ARTICLE-NUMBER = {3950},
URL = {https://www.mdpi.com/2072-4292/15/16/3950},
ISSN = {2072-4292},
ABSTRACT = {},
DOI = {10.3390/rs15163950}
}

@article{jakkula2010efficient,
  title={Efficient feature detection using OBAloG: optimized box approximation of Laplacian of Gaussian},
  JOURNAL = {Master thesis, Kansas State University},
  author={Jakkula, Vinayak Reddy},
  year={2010}
}

@article{jindal2024measuring_v2,
  title={Measuring erosional and depositional patterns across Comet 67P's Imhotep region},
  author={Jindal, AS and Birch, SPD and Hayes, AG and {\"O}zyurt, FP and Issah, AB and Moruzzi, SA and Barrington, MN and Soderblom, JM and Kirk, RL and Marschall, R and others},
  journal={Journal of Geophysical Research: Planets},
  volume={129},
  number={2},
  pages={e2023JE008089},
  year={2024},
  publisher={Wiley Online Library},
  doi = {https://doi.org/10.1029/2023JE008089}
}

@article{Miclea_subpixel, 
  author={Miclea, Vlad-Cristian and Vancea, Cristian-Cosmin and Nedevschi, Sergiu},
  journal={2015 IEEE International Conference on Intelligent Computer Communication and Processing (ICCP)}, 
  title={New sub-pixel interpolation functions for accurate real-time stereo-matching algorithms}, 
  year={2015},
  volume={},
  number={},
  pages={173-178},
  keywords={Interpolation;Histograms;Accuracy;Real-time systems;Cameras;Approximation algorithms;Pipelines;SGM;Sub-pixel accuracy;Function fitting;Interpolation},
  doi={10.1109/ICCP.2015.7312625}}

@article{lesage2021constraints,
  title={Constraints on effusive cryovolcanic eruptions on Europa using topography obtained from Galileo images},
  author={Lesage, Elodie and Schmidt, Fr{\'e}d{\'e}ric and Andrieu, Fran{\c{c}}ois and Massol, H{\'e}l{\`e}ne},
  journal={Icarus},
  volume={361},
  pages={114373},
  year={2021},
  publisher={Elsevier}
}

@article{nuth2011co,
  title={Co-registration and bias corrections of satellite elevation data sets for quantifying glacier thickness change},
  author={Nuth, Christopher and K{\"a}{\"a}b, Andreas},
  journal={The Cryosphere},
  volume={5},
  number={1},
  pages={271--290},
  year={2011},
  publisher={Copernicus GmbH}
}

@article{goossens2020high,
  title={High-resolution gravity field models from GRAIL data and implications for models of the density structure of the Moon's crust},
  author={Goossens, S and Sabaka, TJ and Wieczorek, MA and Neumann, GA and Mazarico, E and Lemoine, FG and Nicholas, JB and Smith, DE and Zuber, MT},
  journal={Journal of Geophysical Research: Planets},
  volume={125},
  number={2},
  pages={e2019JE006086},
  year={2020},
  publisher={Wiley Online Library}
}

@article{ghuffar2022pipeline,
  title={A pipeline for automated processing of declassified Corona KH-4 (1962--1972) stereo imagery},
  author={Ghuffar, Sajid and Bolch, Tobias and Rupnik, Ewelina and Bhattacharya, Atanu},
  journal={IEEE Transactions on Geoscience and Remote Sensing},
  volume={60},
  pages={1--14},
  year={2022},
  publisher={IEEE}
}
