@article{2014NatCo...5E3417L,
	Adsnote = {Provided by the SAO/NASA Astrophysics Data System},
	Adsurl = {http://adsabs.harvard.edu/abs/2014NatCo...5E3417L},
	Author = {{Lucas}, A. and {Mangeney}, A. and {Ampuero}, J.~P.},
	Date-Added = {2014-03-25 00:01:22 +0000},
	Date-Modified = {2014-03-25 00:01:22 +0000},
	Eid = {3417},
	Journal = {Nature Communications},
	Month = mar,
	Title = {{Frictional velocity-weakening in landslides on Earth and on other planetary bodies}},
	Volume = 5,
	Year = 2014,
	Bdsk-Url-1 = {http://dx.doi.org/10.1038/ncomms4417}
	}

@inproceedings{2014LPI....45.1211H,
	Adsnote = {Provided by the SAO/NASA Astrophysics Data System},
	Adsurl = {http://adsabs.harvard.edu/abs/2014LPI....45.1211H},
	Author = {{Hughes}, A.~C.~G. and {Hauber}, E. and {Rossi}, A.~P.},
	Booktitle = {Lunar and Planetary Science Conference 45},
	Date-Added = {2014-03-24 23:57:03 +0000},
	Date-Modified = {2014-03-24 23:57:20 +0000},
	Month = mar,
	Number = {\#1211},
	Series = {Lunar and Planetary Institute Science Conference Abstracts},
	Title = {{Geomorphology of Glacial and Periglacial Landforms Within a Small Crater in Terra Cimmeria, Mars: Stratigraphy and Inferred Chronology of Processes}},
	Volume = 45,
	Year = 2014}

@inproceedings{2014LPI....45.1723L,
	Adsnote = {Provided by the SAO/NASA Astrophysics Data System},
	Adsurl = {http://adsabs.harvard.edu/abs/2014LPI....45.1723L},
	Author = {{Lucchetti}, A. and {Thomas}, R. and {Cremonese}, G. and {Massironi}, M. and {Rothery}, D.~A. and {Conway}, S.~J. and {Anand}, M.},
	Booktitle = {Lunar and Planetary Science Conference 45},
	Date-Added = {2014-03-24 23:52:55 +0000},
	Date-Modified = {2014-03-24 23:53:18 +0000},
	Month = mar,
	Number = {\#1723},
	Series = {Lunar and Planetary Institute Science Conference Abstracts},
	Title = {{Analysis and Numerical Modeling of a Pit Crater on Mercury}},
	Volume = 45,
	Year = 2014}

@inproceedings{2014LPI....45.2836W,
	Adsnote = {Provided by the SAO/NASA Astrophysics Data System},
	Adsurl = {http://adsabs.harvard.edu/abs/2014LPI....45.2836W},
	Author = {{Watters}, W.~A. and {Radford}, A.~C.},
	Booktitle = {Lunar and Planetary Science 45},
	Date-Added = {2014-03-24 23:46:59 +0000},
	Date-Modified = {2014-03-24 23:47:39 +0000},
	Month = mar,
	Number = {\#2836},
	Series = {Lunar and Planetary Institute Science Conference Abstracts},
	Title = {{3-D Morphometry of Martian Secondary Impact Craters from Zunil and Gratteri}},
	Volume = 45,
	Year = 2014}

@inproceedings{2013LPI....44.3081W,
	Adsnote = {Provided by the SAO/NASA Astrophysics Data System},
	Adsurl = {http://adsabs.harvard.edu/abs/2013LPI....44.3081W},
	Author = {{Watters}, W.~A. and {Geiger}, L. and {Fendrock}, M.},
	Booktitle = {Lunar and Planetary Science Conference 44},
	Date-Added = {2014-03-24 23:45:48 +0000},
	Date-Modified = {2014-03-24 23:46:59 +0000},
	Month = mar,
	Number = {\#3081},
	Series = {Lunar and Planetary Institute Science Conference Abstracts},
	Title = {{Shape Distribution of Fresh Martian Impact Craters from High-Resolution DEMs}},
	Volume = 44,
	Year = 2013}

@inproceedings{2010LPI....41.1863W,
	Adsnote = {Provided by the SAO/NASA Astrophysics Data System},
	Adsurl = {http://adsabs.harvard.edu/abs/2010LPI....41.1863W},
	Author = {{Watters}, T.~R. and {Robinson}, M.~S. and {Beyer}, R.~A. and {Bell}, J.~F. and {Pritchard}, M.~E. and {Banks}, M.~E. and {Turtle}, E.~P. and {Williams}, N.~R. and {LROC Team}},
	Booktitle = {Lunar and Planetary Science Conference 41},
	Date-Added = {2013-04-26 22:58:00 +0000},
	Date-Modified = {2013-04-26 22:58:00 +0000},
	Editor = {{Mackwell}, S. and {Stansbery}, E.},
	Month = mar,
	Number = {\#1863},
	Organization = {Lunar and Planetary Institute, Houston},
	Title = {{Lunar Thrust Faults: Implications for the Thermal History of the Moon}},
	Year = 2010,
	Bdsk-Url-1 = {http://adsabs.harvard.edu/abs/2010LPI....41.1863W}}

@inproceedings{2010LPI....41.2678B,
	Adsnote = {Provided by the SAO/NASA Astrophysics Data System},
	Adsurl = {http://adsabs.harvard.edu/abs/2010LPI....41.2678B},
	Author = {{Beyer}, R.~A. and {Archinal}, B. and {Chen}, Y. and {Edmundson}, K. and {Harbour}, D. and {Howington-Kraus}, E. and {Li}, R. and {McEwen}, A. and {Mattson}, S. and {Moratto}, Z. and {Oberst}, J. and {Rosiek}, M. and {Scholten}, F. and {Tran}, T. and {Robinson}, M. and {LROC Team}},
	Booktitle = {Lunar and Planetary Science Conference 41},
	Date-Added = {2013-04-26 22:56:25 +0000},
	Date-Modified = {2013-04-26 22:56:25 +0000},
	Editor = {{Mackwell}, S. and {Stansbery}, E.},
	Month = mar,
	Number = {\#2678},
	Organization = {Lunar and Planetary Institute, Houston},
	Title = {{LROC Stereo Data--Results of Initial Analysis}},
	Year = 2010,
	Bdsk-Url-1 = {http://adsabs.harvard.edu/abs/2010LPI....41.2678B}}

@article{2010AGUFM.P21B1596P,
	Adsnote = {Provided by the SAO/NASA Astrophysics Data System},
	Adsurl = {http://adsabs.harvard.edu/abs/2010AGUFM.P21B1596P},
	Author = {{Phillips}, C.~B. and {Beyer}, R.~A. and {Nimmo}, F. and {Roberts}, J.~H. and {Robuchon}, G.},
	Date-Added = {2013-04-26 22:54:02 +0000},
	Date-Modified = {2013-04-26 22:54:02 +0000},
	Journal = {AGU Fall Meeting Abstracts},
	Keywords = {[5420] PLANETARY SCIENCES: SOLID SURFACE PLANETS / Impact phenomena, cratering, [5455] PLANETARY SCIENCES: SOLID SURFACE PLANETS / Origin and evolution, [6218] PLANETARY SCIENCES: SOLAR SYSTEM OBJECTS / Jovian satellites, [6280] PLANETARY SCIENCES: SOLAR SYSTEM OBJECTS / Saturnian satellites},
	Month = dec,
	Number = {\#P21B-1596},
	Title = {{Crater Relaxation and Stereo Imaging of the Icy Satellites of Jupiter and Saturn}},
	Year = 2010,
	Bdsk-Url-1 = {http://adsabs.harvard.edu/abs/2010AGUFM.P21B1596P}}

@inproceedings{2011LPI....42.2267M,
	Author = {{Moratto}, Z. and Nefian, A. and {Kim}, T. and {Broxton}, M. and {Beyer}, R.~A. and Fong, T.},
	Booktitle = {Lunar and Planetary Science Conference 42},
	Date-Added = {2013-04-26 22:52:38 +0000},
	Date-Modified = {2013-04-26 22:52:38 +0000},
	Editor = {{Mackwell}, S. and {Stansbery}, E.},
	Number = {\#2267},
	Organization = {Lunar and Planetary Institute, Houston},
	Title = {{Stereo Reconstruction from Apollo 15 and 16 Metric Camera}},
	Year = {2011}}

@inproceedings{2011LPI....42.2418L,
	Author = {{Lefort}, A. and {Burr}, D.~M. and {Beyer}, R.~A. and {Howard}, A.~D.},
	Booktitle = {Lunar and Planetary Science Conference 42},
	Date-Added = {2013-04-26 22:51:25 +0000},
	Date-Modified = {2013-04-26 22:51:25 +0000},
	Editor = {{Mackwell}, S. and {Stansbery}, E.},
	Number = {\#2418},
	Organization = {Lunar and Planetary Institute, Houston},
	Title = {Topographic Post-Formation Modifications of Inverted Fluvial Features in the Western {Medusa Fossae} Formation, {Mars}},
	Year = {2011}}

@inproceedings{2011LPI....42.2633H,
	Author = {Hammond, N. P. and C. B. Phillips and G. Robuchon and {Beyer}, R.~A. and Nimmo, F. and J. Roberts},
	Booktitle = {Lunar and Planetary Science Conference 42},
	Date-Added = {2013-04-26 22:50:53 +0000},
	Date-Modified = {2013-04-26 22:50:53 +0000},
	Editor = {{Mackwell}, S. and {Stansbery}, E.},
	Number = {\#2633},
	Organization = {Lunar and Planetary Institute, Houston},
	Title = {Crater Relaxation and Stereo Imaging of {Rhea}},
	Year = {2011}}

@inproceedings{2011LPI....42.2715B,
	Author = {{Beyer}, R.~A. and {Archinal}, B. and Y. Cheng and {Edmundson}, K. and {Howington-Kraus}, E. and {Kirk}, R.~L. and {Li}, R. and {McEwen}, A.~S. and {Mattson}, S. and X. Meng and {Moratto}, Z. and {Oberst}, J. and {Rosiek}, M. and {Scholten}, F. and {Tran}, T. and O. Thomas and W. Wang and {the LROC Team}},
	Booktitle = {Lunar and Planetary Science Conference 42},
	Date-Added = {2013-04-26 22:49:58 +0000},
	Date-Modified = {2013-04-26 22:49:58 +0000},
	Editor = {{Mackwell}, S. and {Stansbery}, E.},
	Number = {\#2715},
	Organization = {Lunar and Planetary Institute, Houston},
	Title = {{LROC DTM} Comparison Effort},
	Year = {2011}}

@article{2011AGUFM.P41F..07P,
	Adsnote = {Provided by the SAO/NASA Astrophysics Data System},
	Adsurl = {http://adsabs.harvard.edu/abs/2011AGUFM.P41F..07P},
	Author = {{Phillips}, C.~B. and {Hammond}, N.~P. and {Nimmo}, F. and {robuchon}, G. and {Beyer}, R.~A. and {Roberts}, J.~H.},
	Date-Added = {2013-04-26 22:48:22 +0000},
	Date-Modified = {2013-04-26 22:48:22 +0000},
	Journal = {AGU Fall Meeting Abstracts},
	Keywords = {[5418] PLANETARY SCIENCES: SOLID SURFACE PLANETS / Heat flow, [5420] PLANETARY SCIENCES: SOLID SURFACE PLANETS / Impact phenomena, cratering, [6280] PLANETARY SCIENCES: SOLAR SYSTEM OBJECTS / Saturnian satellites},
	Month = dec,
	Number = {\#P41F-07},
	Title = {{Crater Relaxation and Stereo Imaging of Icy Satellites}},
	Year = 2011,
	Bdsk-Url-1 = {http://adsabs.harvard.edu/abs/2011AGUFM.P41F..07P}}

@article{2012JGRE..117.3007L,
	Adsnote = {Provided by the SAO/NASA Astrophysics Data System},
	Adsurl = {http://adsabs.harvard.edu/abs/2012JGRE..117.3007L},
	Author = {{Lefort}, A. and {Burr}, D.~M. and {Beyer}, R.~A. and {Howard}, A.~D.},
	Date-Added = {2013-04-26 22:47:19 +0000},
	Date-Modified = {2013-04-26 22:47:19 +0000},
	Eid = {E03007},
	Journal = {Journal of Geophysical Research (Planets)},
	Keywords = {Hydrology: Geomorphology: general (1625), Hydrology: Geomorphology: fluvial (1625), Planetary Sciences: Comets and Small Bodies: Surfaces, Planetary Sciences: Solar System Objects: Mars},
	Month = mar,
	Pages = {3007},
	Title = {{Inverted fluvial features in the Aeolis-Zephyria Plana, western Medusae Fossae Formation, Mars: Evidence for post-formation modification}},
	Volume = 117,
	Year = 2012,
	Bdsk-Url-1 = {http://dx.doi.org/10.1029/2011JE004008}}

@inproceedings{2012LPI....43.1953L,
	Adsnote = {Provided by the SAO/NASA Astrophysics Data System},
	Adsurl = {http://adsabs.harvard.edu/abs/2012LPI....43.1953L},
	Author = {{Lefort}, A. and {Burr}, D.~M. and {Beyer}, R.~A. and {Howard}, A.~D.},
	Booktitle = {Lunar and Planetary Science Conference 43},
	Date-Added = {2013-04-26 22:46:30 +0000},
	Date-Modified = {2013-04-26 22:46:30 +0000},
	Eid = {1953},
	Month = mar,
	Number = {\#1953},
	Title = {{Sinuous Ridges as Tools to Investigate Post-Flow Modification in the Aeolis-Zephyria Plana, Western Medusae Fossae Formation, Mars}},
	Year = 2012,
	Bdsk-Url-1 = {http://adsabs.harvard.edu/abs/2012LPI....43.1953L}}

@inproceedings{2012LPI....43.2571P,
	Adsnote = {Provided by the SAO/NASA Astrophysics Data System},
	Adsurl = {http://adsabs.harvard.edu/abs/2012LPI....43.2571P},
	Author = {{Phillips}, C.~B. and {Hammond}, N.~P. and {Robuchon}, G. and {Nimmo}, F. and {Beyer}, R.~A. and {Roberts}, J.},
	Booktitle = {Lunar and Planetary Science Conference 43},
	Date-Added = {2013-04-26 22:45:46 +0000},
	Date-Modified = {2013-04-26 22:45:46 +0000},
	Eid = {2571},
	Month = mar,
	Number = {\#2571},
	Title = {{Stereo Imaging, Crater Relaxation, and Thermal Histories of Rhea and Dione}},
	Year = 2012,
	Bdsk-Url-1 = {http://adsabs.harvard.edu/abs/2012LPI....43.2571P}}

@inproceedings{2012LPI....43.2815M,
	Adsnote = {Provided by the SAO/NASA Astrophysics Data System},
	Adsurl = {http://adsabs.harvard.edu/abs/2012LPI....43.2815M},
	Author = {{Morgan}, A.~M. and {Beyer}, R.~A. and {Howard}, A.~D. and {Moore}, J.~M.},
	Booktitle = {Lunar and Planetary Science Conference 43},
	Date-Added = {2013-04-26 22:44:21 +0000},
	Date-Modified = {2013-04-26 22:44:21 +0000},
	Eid = {2815},
	Month = mar,
	Number = {\#2815},
	Title = {{The Alluvial Fans of Saheki Crater}},
	Year = 2012,
	Bdsk-Url-1 = {http://adsabs.harvard.edu/abs/2012LPI....43.2815M}}

@inproceedings{2013LPICo1719.2766P,
	Adsnote = {Provided by the SAO/NASA Astrophysics Data System},
	Adsurl = {http://adsabs.harvard.edu/abs/2013LPICo1719.2766P},
	Author = {{Phillips}, C.~B. and {Hammond}, N.~P. and {Roberts}, J.~H. and {Nimmo}, F. and {Beyer}, R.~A. and {Kattenhorn}, S.},
	Booktitle = {Lunar and Planetary Science Conference 44},
	Date-Added = {2013-04-26 22:42:21 +0000},
	Date-Modified = {2013-04-26 22:42:21 +0000},
	Journal = {LPI Contributions},
	Month = mar,
	Number = {\#2766},
	Title = {{Stereo Topography and Subsurface Thermal Profiles on Icy Satellites of Saturn}},
	Year = 2013}

@article{2013LPICo1719.2966O,
	Adsnote = {Provided by the SAO/NASA Astrophysics Data System},
	Adsurl = {http://adsabs.harvard.edu/abs/2013LPICo1719.2966O},
	Author = {{{\"O}hman}, T. and {McGovern}, P.~J.},
	Date-Added = {2013-04-26 22:32:13 +0000},
	Date-Modified = {2013-04-26 22:32:13 +0000},
	Journal = {LPI Contributions},
	Month = mar,
	Pages = {2966},
	Title = {{Strain Calculations for Circumferential Graben on Alba Mons, Mars}},
	Volume = 1719,
	Year = 2013}

@article{Golombek:2012ys,
	Author = {Golombek, M. and Grant, J. and Kipp, D. and Vasavada, A. and Kirk, R. and Fergason, R. and Bellutta, P. and Calef, F. and Larsen, K. and Katayama, Y. and Huertas, A. and Beyer, R. and Chen, A. and Parker, T. and Pollard, B. and Lee, S. and Sun, Y. and Hoover, R. and Sladek, H. and Grotzinger, J. and Welch, R. and Noe Dobrea, E. and Michalski, J. and Watkins, M.},
	Date-Added = {2013-04-26 19:09:50 +0000},
	Date-Modified = {2013-04-26 19:09:50 +0000},
	Issn = {0038-6308},
	Journal = {Space Science Reviews},
	Keywords = {Landing sites; Mars; Surface materials; Surface characteristics; Mars Science Laboratory},
	Language = {English},
	Number = {1-4},
	Pages = {641-737},
	Publisher = {Springer Netherlands},
	Title = {Selection of the {Mars Science Laboratory} Landing Site},
	Url = {http://dx.doi.org/10.1007/s11214-012-9916-y},
	Volume = {170},
	Year = {2012},
	Bdsk-Url-1 = {http://dx.doi.org/10.1007/s11214-012-9916-y}}

@article{JGRE:JGRE2993,
	Author = {{\"O}hman, Teemu and Kring, David A.},
	Date-Added = {2013-04-26 18:50:46 +0000},
	Date-Modified = {2013-04-26 18:50:46 +0000},
	Issn = {2156-2202},
	Journal = {Journal of Geophysical Research: Planets},
	Keywords = {impact cratering, impact melts, lunar craters, lunar exploration, rheology},
	Number = {E12},
	Pages = {n/a--n/a},
	Title = {Photogeologic analysis of impact melt-rich lithologies in {Kepler} crater that could be sampled by future missions},
	Url = {http://dx.doi.org/10.1029/2011JE003918},
	Volume = {117},
	Year = {2012},
	Bdsk-Url-1 = {http://dx.doi.org/10.1029/2011JE003918}}

@article{Hammond2013418,
	Author = {N.P. Hammond and C.B. Phillips and F. Nimmo and S.A. Kattenhorn},
	Date-Added = {2013-04-26 18:48:50 +0000},
	Date-Modified = {2013-04-26 18:48:50 +0000},
	Issn = {0019-1035},
	Journal = {Icarus},
	Keywords = {Tectonics},
	Number = {1},
	Pages = {418 - 422},
	Title = {Flexure on {Dione}: Investigating subsurface structure and thermal history},
	Url = {http://www.sciencedirect.com/science/article/pii/S0019103513000043},
	Volume = {223},
	Year = {2013},
	Bdsk-Url-1 = {http://www.sciencedirect.com/science/article/pii/S0019103513000043},
	Bdsk-Url-2 = {http://dx.doi.org/10.1016/j.icarus.2012.12.021}}

@article{Peel2013,
	Author = {Samantha E. Peel and Caleb I. Fassett},
	Date-Added = {2013-04-26 18:46:01 +0000},
	Date-Modified = {2013-04-26 18:46:01 +0000},
	Issn = {0019-1035},
	Journal = {Icarus},
	Keywords = {Pit Craters},
	Number = {0},
	Pages = {-},
	Title = {Valleys in Pit Craters on {Mars}: Characteristics, Distribution, and Formation Mechanisms},
	Url = {http://www.sciencedirect.com/science/article/pii/S0019103513001474},
	Year = {2013},
	Bdsk-Url-1 = {http://www.sciencedirect.com/science/article/pii/S0019103513001474},
	Bdsk-Url-2 = {http://dx.doi.org/10.1016/j.icarus.2013.03.031}}

@article{doi:10.1117/12.974524,
	Author = {Re, Cristina and Cremonese, Gabriele and Dall'Asta, Elisa and Forlani, Gianfranco and Naletto, Giampiero and Roncella, Riccardo},
	Date-Added = {2013-04-26 18:40:24 +0000},
	Date-Modified = {2013-04-26 18:41:53 +0000},
	Journal = {Proc. SPIE 8537, Image and Signal Processing for Remote Sensing XVIII},
	Pages = {85370V-85370V-12},
	Title = {Performance evaluation of {DTM} area-based matching reconstruction of {Moon} and {Mars}},
	Url = {http://dx.doi.org/10.1117/12.974524},
	Year = {2012},
	Bdsk-Url-1 = {+%20http://dx.doi.org/10.1117/12.974524},
	Bdsk-Url-2 = {http://dx.doi.org/10.1117/12.974524}}

@article{ROB:ROB20410,
	Author = {SunSpiral, Vytas and Wheeler, D.W. and Chavez-Clemente, Daniel and Mittman, David},
	Date-Added = {2013-04-26 18:34:31 +0000},
	Date-Modified = {2013-04-26 18:34:31 +0000},
	Issn = {1556-4967},
	Journal = {Journal of Field Robotics},
	Number = {3},
	Pages = {483--505},
	Publisher = {Wiley Subscription Services, Inc., A Wiley Company},
	Title = {Development and field testing of the {FootFall} planning system for the {ATHLETE} robots},
	Url = {http://dx.doi.org/10.1002/rob.20410},
	Volume = {29},
	Year = {2012},
	Bdsk-Url-1 = {http://dx.doi.org/10.1002/rob.20410}}

@article{Huffman20111273,
	Author = {John Huffman and Andrew Forsberg and Andrew Loomis and James Head and James Dickson and Caleb Fassett},
	Date-Added = {2013-04-26 18:30:45 +0000},
	Date-Modified = {2013-04-26 18:30:45 +0000},
	Issn = {0032-0633},
	Journal = {Planetary and Space Science},
	Keywords = {Mars stereo visualization workflow analysis},
	Number = {11--12},
	Pages = {1273 - 1279},
	Title = {Integrating advanced visualization technology into the planetary Geoscience workflow},
	Url = {http://www.sciencedirect.com/science/article/pii/S0032063310002175},
	Volume = {59},
	Year = {2011},
	Bdsk-Url-1 = {http://www.sciencedirect.com/science/article/pii/S0032063310002175},
	Bdsk-Url-2 = {http://dx.doi.org/10.1016/j.pss.2010.07.015}
}


@article{stevens2015greenland,
  title={{Greenland} supraglacial lake drainages triggered by hydrologically induced basal slip},
  author={Stevens, Laura A and Behn, Mark D and McGuire, Jeffrey J and Das, Sarah B and Joughin, Ian and Herring, Thomas and Shean, David E and King, Matt A},
  journal={Nature},
  volume={522},
  number={7554},
  pages={73--76},
  year={2015},
  publisher={Nature Publishing Group}
}

@article{willis2015outlet,
  title={Outlet glacier response to the 2012 collapse of the {Matusevich Ice Shelf, Severnaya Zemlya, Russian Arctic}},
  author={Willis, Michael J and Melkonian, Andrew K and Pritchard, Matthew E},
  journal={Journal of Geophysical Research: Earth Surface},
  volume={120},
  number={10},
  pages={2040--2055},
  year={2015},
  publisher={Wiley Online Library}
}

@article{shean2016automated,
  title={An automated, open-source pipeline for mass production of digital elevation models ({DEMs}) from very-high-resolution commercial stereo satellite imagery},
  author={Shean, David E and Alexandrov, Oleg and Moratto, Zachary M and Smith, Benjamin E and Joughin, Ian R and Porter, Claire and Morin, Paul},
  journal={ISPRS Journal of Photogrammetry and Remote Sensing},
  volume={116},
  pages={101--117},
  year={2016},
  publisher={Elsevier}
}

@article{lacroix2016landslides,
  title={Landslides triggered by the {Gorkha} earthquake in the {Langtang} valley, volumes and initiation processes},
  author={Lacroix, Pascal},
  journal={Earth, Planets and Space},
  volume={68},
  number={1},
  pages={1--10},
  year={2016},
  publisher={Springer}
}


@article{pope2016estimating,
  title={Estimating supraglacial lake depth in {West Greenland} using {Landsat 8} and comparison with other multispectral methods},
  author={Pope, Allen and Scambos, TA and Moussavi, M and Tedesco, M and Willis, M and Shean, D and Grigsby, S},
  journal={The Cryosphere},
  volume={10},
  pages={15},
  year={2016}
}

@article{melkonian2016recent,
  title={Recent changes in glacier velocities and thinning at {Novaya Zemlya}},
  author={Melkonian, Andrew K and Willis, Michael J and Pritchard, Matthew E and Stewart, Adam J},
  journal={Remote Sensing of Environment},
  volume={174},
  pages={244--257},
  year={2016},
  publisher={Elsevier}
}


@article{Montesano201776,
title = "The use of sun elevation angle for stereogrammetric boreal forest height in open canopies",
journal = "Remote Sensing of Environment",
volume = "196",
number = "",
pages = "76 - 88",
year = "2017",
note = "",
issn = "0034-4257",
url = "http://www.sciencedirect.com/science/article/pii/S0034425717301827",
author = "Paul M. Montesano and Christopher Neigh and Guoqing Sun and Laura Duncanson and Jamon Van Den Hoek and K. Jon Ranson",
keywords = {"WorldView", "Sun elevation angle", "Forest structure", "Biome boundary", "Ecotone", "Taiga", "Tundra", "Stereogrammetry", "Photogrammetry", "Digital surface model"}
}

@article{stereosfsfusion,
title = "Fusion of photogrammetric and photoclinometric information for high-resolution {DEMs} from {Mars} in-orbit imagery",
journal = "ISPRS Journal of Photogrammetry and Remote Sensing",
volume = "130",
number = "",
pages = "Pages 418-430",
year = "2017",
note = "",
issn = "",
url = "http://www.sciencedirect.com/science/article/pii/S0924271616306554",
author = "Cheng Jiang and Sylvain Dout\'e and Bin Luob and Liangpei Zhang"
}

@article{tc-11-1501-2017,
AUTHOR = {Belart, J. M. C. and Berthier, E. and Magn\'usson, E. and Anderson, L. S. and P\'alsson, F. and Thorsteinsson, T. and Howat, I. M. and A\dh{}algeirsd\'ottir, G. and J\'ohannesson, T. and Jarosch, A. H.},
TITLE = {Winter mass balance of {Drangaj\"{o}kull} ice cap ({NW Iceland}) derived from
satellite sub-meter stereo images},
JOURNAL = {The Cryosphere},
VOLUME = {11},
YEAR = {2017},
NUMBER = {3},
PAGES = {1501--1517},
URL = {https://www.the-cryosphere.net/11/1501/2017/},
}


@INPROCEEDINGS{2012EGUGA..14.8723A,
       author = {{Allemand}, P. and {Deschamps}, A. and {Lesaout}, M. and {Delacourt}, C.
        and {Quantin}, C. and {Clenet}, H.},
        title = "{Magma rheology from {3D} geometry of martian lava flows}",
    booktitle = {EGU General Assembly Conference Abstracts},
         year = 2012,
       volume = {14},
        month = Apr,
        pages = {8723},
       adsurl = {https://ui.adsabs.harvard.edu/\#abs/2012EGUGA..14.8723A},
      adsnote = {Provided by the SAO/NASA Astrophysics Data System}
}

@INPROCEEDINGS{2012LPI....43.2371L,
       author = {{Laura}, J.~R. and {Miller}, D. and {Paul}, M.~V.},
        title = "{{Ames Stereo Pipeline} Derived {DEM} Accuracy Experiment Using {LROC-NAC}
        Stereopairs and Weighted Spatial Dependence Simulation for {Lunar}
        Site Selection}",
    booktitle = {Lunar and Planetary Science Conference},
         year = 2012,
        month = Mar,
          eid = {2371},
        pages = {2371},
       adsurl = {https://ui.adsabs.harvard.edu/\#abs/2012LPI....43.2371L},
      adsnote = {Provided by the SAO/NASA Astrophysics Data System}
}

@INPROCEEDINGS{2014AGUFM.P34C..05M,
       author = {{Mouginis-Mark}, P.~J. and {Boyce}, J.~M. and {Garbeil}, H.},
        title = "{Digital Elevation Models Aid the Analysis of Double Layered Ejecta ({DLE})
        Impact Craters on {Mars}}",
     keywords = {5415 Erosion and weathering, PLANETARY SCIENCES: SOLID SURFACE PLANETS,
        5455 Origin and evolution, PLANETARY SCIENCES: SOLID SURFACE
        PLANETS, 5464 Remote sensing, PLANETARY SCIENCES: SOLID SURFACE
        PLANETS, 5499 General or miscellaneous, PLANETARY SCIENCES:
        SOLID SURFACE PLANETS},
    booktitle = {AGU Fall Meeting Abstracts},
         year = 2014,
       volume = {2014},
        month = Dec,
          eid = {P34C-05},
        pages = {P34C-05},
       adsurl = {https://ui.adsabs.harvard.edu/\#abs/2014AGUFM.P34C..05M},
      adsnote = {Provided by the SAO/NASA Astrophysics Data System}
}

@INPROCEEDINGS{2014LPI....45.2892M,
       author = {{Moratto}, Z.~M. and {McMichael}, S.~T. and {Beyer}, R.~A. and
        {Alexandrov}, O. and {Fong}, T.},
        title = "{Automated and Accurate: Making {DTMs} from {LRO-NAC} Using the
		          {Ames Stereo Pipeline}}",
    booktitle = {Lunar and Planetary Science Conference},
         year = 2014,
        month = Mar,
        pages = {2892},
       adsurl = {https://ui.adsabs.harvard.edu/\#abs/2014LPI....45.2892M},
      adsnote = {Provided by the SAO/NASA Astrophysics Data System}
}

@INPROCEEDINGS{2014LPI....45.2902B,
       author = {{Beyer}, R.~A. and {Alexandrov}, O. and {Moratto}, Z.~M.},
        title = "{Aligning Terrain Model and Laser Altimeter Point Clouds with the {Ames
        Stereo Pipeline}}",
    booktitle = {Lunar and Planetary Science Conference},
         year = 2014,
        month = Mar,
        pages = {2902},
       adsurl = {https://ui.adsabs.harvard.edu/\#abs/2014LPI....45.2902B},
      adsnote = {Provided by the SAO/NASA Astrophysics Data System}
}

@INPROCEEDINGS{2013AGUFM.P53A1846P,
       author = {{Phillips}, C.~B. and {El Henson}, E. and {Nimmo}, F.},
        title = "{Stereo Topography of Surface Features on Europa and Comparisons with
        Formation Models}",
     keywords = {5464 PLANETARY SCIENCES: SOLID SURFACE PLANETS Remote sensing, 6221
        PLANETARY SCIENCES: SOLAR SYSTEM OBJECTS Europa},
    booktitle = {AGU Fall Meeting Abstracts},
         year = 2013,
       volume = {2013},
        month = Dec,
          eid = {P53A-1846},
        pages = {P53A-1846},
       adsurl = {https://ui.adsabs.harvard.edu/\#abs/2013AGUFM.P53A1846P},
      adsnote = {Provided by the SAO/NASA Astrophysics Data System}
}

@INPROCEEDINGS{2014cosp...40E3719Y,
       author = {{Yershov}, Vladimir and {Ivanov}, Anton and {Muller}, Jan-Peter and
        {Tao}, Yu and {Mr} and {Pool}, William and {Kim}, Jung-Rack and
        {Sidiropoulos}, Panagiotis},
        title = "{Assessment of Digital Terrain Model algorithms for the development of a
        massive processing system for all high-resolution stereo images
        of Mars from CTX and HiRISE}",
    booktitle = {40th COSPAR Scientific Assembly},
         year = 2014,
       volume = {40},
        month = Jan,
          eid = {B0.8-11-14},
        pages = {B0.8-11-14},
       adsurl = {https://ui.adsabs.harvard.edu/\#abs/2014cosp...40E3719Y},
      adsnote = {Provided by the SAO/NASA Astrophysics Data System}
}

@INPROCEEDINGS{2015LPI....46.2491M,
       author = {{McMichael}, S. and {Moratto}, Z.~M. and {Beyer}, R.~A.},
        title = "{LRO-NAC Mass DTM Pipeline}",
    booktitle = {Lunar and Planetary Science Conference},
         year = 2015,
        month = Mar,
        pages = {2491},
       adsurl = {https://ui.adsabs.harvard.edu/\#abs/2015LPI....46.2491M},
      adsnote = {Provided by the SAO/NASA Astrophysics Data System}
}

@INPROCEEDINGS{2015LPICo1841.9032W,
       author = {{Watters}, W.~A. and {Geiger}, L. and {Fendrock}, M. and {Gibson}, R.
        and {Radford}, A.},
        title = "{Statistical Morphometry of Small Martian Craters: New Methods and
        Results}",
    booktitle = {Issues in Crater Studies and the Dating of Planetary Surfaces},
         year = 2015,
       volume = {1841},
        month = May,
        pages = {9032},
       adsurl = {https://ui.adsabs.harvard.edu/\#abs/2015LPICo1841.9032W},
      adsnote = {Provided by the SAO/NASA Astrophysics Data System}
}

@INPROCEEDINGS{2015EPSC...10..343Y,
       author = {{Yershov}, V.},
        title = "{A system for generating multi-resolution Digital Terrain Models of Mars
        based on the ESA Mars Express and NASA Mars Reconnaissance
        Orbiter data}",
    booktitle = {European Planetary Science Congress},
         year = 2015,
        month = Oct,
          eid = {EPSC2015-343},
        pages = {EPSC2015-343},
       adsurl = {https://ui.adsabs.harvard.edu/\#abs/2015EPSC...10..343Y},
      adsnote = {Provided by the SAO/NASA Astrophysics Data System}
}

@INPROCEEDINGS{2015AGUFM.P41C2079B,
       author = {{Bauer}, R.~S. and {Barker}, M.~K. and {Mazarico}, E. and {Neumann},
        G.~A.},
        title = "{Calibration of Mercury Laser Altimeter Data Using Digital Elevation
        Models Derived from Stereo Image Pairs}",
     keywords = {1221 Lunar and planetary geodesy and gravity, GEODESY AND GRAVITY, 1294
        Instruments and techniques, GEODESY AND GRAVITY, 6019
        Gravitational fields, PLANETARY SCIENCES: COMETS AND SMALL
        BODIES, 5417 Gravitational fields, PLANETARY SCIENCES: SOLID
        SURFACE PLANETS},
    booktitle = {AGU Fall Meeting Abstracts},
         year = 2015,
       volume = {2015},
        month = Dec,
          eid = {P41C-2079},
        pages = {P41C-2079},
       adsurl = {https://ui.adsabs.harvard.edu/\#abs/2015AGUFM.P41C2079B},
      adsnote = {Provided by the SAO/NASA Astrophysics Data System}
}

@INPROCEEDINGS{2016LPI....47.1241M,
       author = {{Mayer}, D.~P. and {Kite}, E.~S.},
        title = "{An Integrated Workflow for Producing Digital Terrain Models of Mars from
        CTX and HiRISE Stereo Data Using the NASA Ames Stereo Pipeline}",
    booktitle = {Lunar and Planetary Science Conference},
         year = 2016,
        month = Mar,
        pages = {1241},
       adsurl = {https://ui.adsabs.harvard.edu/\#abs/2016LPI....47.1241M},
      adsnote = {Provided by the SAO/NASA Astrophysics Data System}
}

@INPROCEEDINGS{2016cosp...41E.877I,
       author = {{Ivanov}, Anton and {Muller}, Jan-Peter and {Tao}, Yu and {Kim}, Jung-
        Rack and {Gwinner}, Klaus and {Van Gasselt}, Stephan and
        {Morley}, Jeremy and {Houghton}, Robert and {Bamford}, Steven
        and {Sidiropoulos}, Panagiotis and {Fanara}, Lida and
        {Waenlish}, Marita and {Walter}, Sebastian and {Steinkert}, Ralf
        and {Schreiner}, Bjorn and {Cantini}, Federico and {Wardlaw},
        Jessica and {Sprinks}, James and {Giordano}, Michele and
        {Marsh}, Stuart},
        title = "{EU-FP7-iMARS: analysis of Mars multi-resolution images using 
				  auto-coregistration, data mining and crowd source techniques}",
    booktitle = {41st COSPAR Scientific Assembly},
         year = 2016,
       volume = {41},
        month = Jul,
          eid = {B0.2-22-16},
        pages = {B0.2-22-16},
       adsurl = {https://ui.adsabs.harvard.edu/\#abs/2016cosp...41E.877I},
      adsnote = {Provided by the SAO/NASA Astrophysics Data System}
}

@INPROCEEDINGS{2016DPS....4811608N,
       author = {{Nebouy}, David and {Capanna}, Claire and {Jorda}, Laurent and
        {Gaskell}, Robert W. and {Faurschou Hviid}, Stubbe and
        {Scholten}, Frank and {Preusker}, Frank and {OSIRIS Team}},
        title = "{Co-registration and comparison of high-resolution shape models of comet
        67P/C-G}",
    booktitle = {AAS/Division for Planetary Sciences Meeting Abstracts \#48},
         year = 2016,
       series = {AAS/Division for Planetary Sciences Meeting Abstracts},
        month = Oct,
          eid = {116.08},
        pages = {116.08},
       adsurl = {https://ui.adsabs.harvard.edu/\#abs/2016DPS....4811608N},
      adsnote = {Provided by the SAO/NASA Astrophysics Data System}
}

@INPROCEEDINGS{2016DPS....4851311F,
       author = {{Fanara}, Lida and {Gwinner}, Klaus and {Hauber}, Ernst and {Oberst},
        Juergen},
        title = "{Frequency of block displacements at the north pole of Mars based on
        HiRISE images}",
    booktitle = {AAS/Division for Planetary Sciences Meeting Abstracts \#48},
         year = 2016,
       series = {AAS/Division for Planetary Sciences Meeting Abstracts},
        month = Oct,
          eid = {513.11},
        pages = {513.11},
       adsurl = {https://ui.adsabs.harvard.edu/\#abs/2016DPS....4851311F},
      adsnote = {Provided by the SAO/NASA Astrophysics Data System}
}

@INPROCEEDINGS{2016AGUFM.P11E..01M,
       author = {{Mouginis-Mark}, P.~J. and {Sharpton}, V.~L.},
        title = "{Topographic Analysis of the Asymmetric Ejecta of Zunil Crater, Mars}",
     keywords = {6299 General or miscellaneous, PLANETARY SCIENCES: SOLAR SYSTEM
        OBJECTSDE: 5464 Remote sensing, PLANETARY SCIENCES: SOLID
        SURFACE PLANETSDE: 5470 Surface materials and properties,
        PLANETARY SCIENCES: SOLID SURFACE PLANETSDE: 5499 General or
        miscellaneous, PLANETARY SCIENCES: SOLID SURFACE PLANETS},
    booktitle = {AGU Fall Meeting Abstracts},
         year = 2016,
        month = Dec,
          eid = {P11E-01},
        pages = {P11E-01},
       adsurl = {https://ui.adsabs.harvard.edu/\#abs/2016AGUFM.P11E..01M},
      adsnote = {Provided by the SAO/NASA Astrophysics Data System}
}

@ARTICLE{2016P&SS..134...19F,
       author = {{Fassett}, Caleb I.},
        title = "{Ames Stereo Pipeline-derived digital terrain models of Mercury from
        MESSENGER stereo imaging}",
      journal = {Planetary and Space Science},
     keywords = {Mercury, surface, Topography, Stereo image processing, Hollows, Pits},
         year = 2016,
        month = Dec,
       volume = {134},
        pages = {19-28},
       adsurl = {https://ui.adsabs.harvard.edu/\#abs/2016P&SS..134...19F},
      adsnote = {Provided by the SAO/NASA Astrophysics Data System}
}

@INPROCEEDINGS{2017EGUGA..1918917M,
       author = {{Muller}, Jan-Peter and {Sidiropoulos}, Panagiotis and {Tao}, Yu and
        {Putri}, Kiky and {Campbell}, Jacqueline and {Xiong}, Si-Ting
        and {Gwinner}, Klaus and {Willner}, Konrad and {Fanara}, Lida
        and {Waehlisch}, Marita and {Walter}, Sebastian and {Schreiner},
        Bjoern and {Steikert}, Ralf and {Ivanov}, Anton and {Cantini},
        Federico and {Wardlaw}, Jessica and {Sprinks}, James and
        {Houghton}, Robert and {Kim}, Jung-Rack},
        title = "{EU-FP7-iMARS: analysis of Mars multi-resolution images using auto-
        coregistration, data mining and crowd source techniques: A Final
        Report on the very variable surface of Mars}",
    booktitle = {EGU General Assembly Conference Abstracts},
         year = 2017,
       volume = {19},
        month = Apr,
        pages = {18917},
       adsurl = {https://ui.adsabs.harvard.edu/\#abs/2017EGUGA..1918917M},
      adsnote = {Provided by the SAO/NASA Astrophysics Data System}
}

@INPROCEEDINGS{2017LPICo1986.7090M,
       author = {{McMichael}, S. and {Alexandrov}, O. and {Beyer}, R.},
        title = "{Enhanced 3D Surface Generation in the Ames Stereo Pipeline}",
    booktitle = {Third Planetary Data Workshop and The Planetary Geologic Mappers Annual Meeting},
         year = 2017,
       volume = {1986},
        month = Jun,
          eid = {7090},
        pages = {7090},
       adsurl = {https://ui.adsabs.harvard.edu/\#abs/2017LPICo1986.7090M},
      adsnote = {Provided by the SAO/NASA Astrophysics Data System}
}

@INPROCEEDINGS{2017LPICo1986.7096B,
       author = {{Brown}, H.~M. and {Awumah}, A.~A. and {Henriksen}, M.~R. and {Manheim},
        M.~R. and {Cisneros}, E. and {Wagner}, R.~V. and {Robinson},
        M.~S.},
        title = "{Ames Stereo Pipeline and LROC ASU Digital Terrain Model (DTM) Comparison}",
    booktitle = {Third Planetary Data Workshop and The Planetary Geologic Mappers Annual Meeting},
         year = 2017,
       volume = {1986},
        month = Jun,
          eid = {7096},
        pages = {7096},
       adsurl = {https://ui.adsabs.harvard.edu/\#abs/2017LPICo1986.7096B},
      adsnote = {Provided by the SAO/NASA Astrophysics Data System}
}

@ARTICLE{2017SSRv..211..109F,
       author = {{Fergason}, R.~L. and {Kirk}, R.~L. and {Cushing}, G. and {Galuszka},
        D.~M. and {Golombek}, M.~P. and {Hare}, T.~M. and {Howington-
        Kraus}, E. and {Kipp}, D.~M. and {Redding}, B.~L.},
        title = "{Analysis of Local Slopes at the InSight Landing Site on Mars}",
      journal = {Space Science Reviews},
     keywords = {Mars, Topography, DTM, Slope, InSight},
         year = 2017,
        month = Oct,
       volume = {211},
        pages = {109-133},
       adsurl = {https://ui.adsabs.harvard.edu/\#abs/2017SSRv..211..109F},
      adsnote = {Provided by the SAO/NASA Astrophysics Data System}
}

@INPROCEEDINGS{2017AGUFM.P24C..04A,
       author = {{Annex}, A.~M. and {Lewis}, K.~W. and {Edwards}, C.~S.},
        title = "{Stratigraphic Mapping of Intra-Crater Layered Deposits in Arabia Terra
        from High-Resolution Imaging and Stereo Topography}",
     keywords = {5464 Remote sensing, PLANETARY SCIENCES: SOLID SURFACE PLANETS, 5494
        Instruments and techniques, PLANETARY SCIENCES: SOLID SURFACE
        PLANETS, 5499 General or miscellaneous, PLANETARY SCIENCES:
        SOLID SURFACE PLANETS},
    booktitle = {AGU Fall Meeting Abstracts},
         year = 2017,
       volume = {2017},
        month = Dec,
          eid = {P24C-04},
        pages = {P24C-04},
       adsurl = {https://ui.adsabs.harvard.edu/#abs/2017AGUFM.P24C..04A},
      adsnote = {Provided by the SAO/NASA Astrophysics Data System}
}

@INPROCEEDINGS{2017AGUFM.P43D2914R,
       author = {{Rezza}, C. and {Phillips}, C.~B. and {Cable}, M.~L.},
        title = "{`Dem DEMs: Comparing Methods of Digital Elevation Model Creation}",
     keywords = {0770 Properties, CRYOSPHERE, 6218 Jovian satellites, PLANETARY SCIENCES:
        SOLAR SYSTEM OBJECTS, 6280 Saturnian satellites, PLANETARY
        SCIENCES: SOLAR SYSTEM OBJECTS, 5422 Ices, PLANETARY SCIENCES:
        SOLID SURFACE PLANETS},
    booktitle = {AGU Fall Meeting Abstracts},
         year = 2017,
       volume = {2017},
        month = Dec,
          eid = {P43D-2914},
        pages = {P43D-2914},
       adsurl = {https://ui.adsabs.harvard.edu/#abs/2017AGUFM.P43D2914R},
      adsnote = {Provided by the SAO/NASA Astrophysics Data System}
}

@INPROCEEDINGS{2018LPI....49.1384M,
       author = {{Moon}, S.~H. and {Choi}, H.~L.},
        title = "{Alignment and Ortho-Rectification of Lunar Surface Image Using the NASA
        Ames Stereo Pipeline}",
    booktitle = {Lunar and Planetary Science Conference},
         year = 2018,
        month = Mar,
          eid = {1384},
        pages = {1384},
       adsurl = {https://ui.adsabs.harvard.edu/#abs/2018LPI....49.1384M},
      adsnote = {Provided by the SAO/NASA Astrophysics Data System}
}

@INPROCEEDINGS{2018LPI....49.1604M,
       author = {{Mayer}, D.~P.},
        title = "{An Improved Workflow for Producing Digital Terrain Models of Mars from
        CTX Stereo Data Using the NASA Ames Stereo Pipeline}",
    booktitle = {Lunar and Planetary Science Conference},
         year = 2018,
        month = Mar,
          eid = {1604},
        pages = {1604},
       adsurl = {https://ui.adsabs.harvard.edu/#abs/2018LPI....49.1604M},
      adsnote = {Provided by the SAO/NASA Astrophysics Data System}
}

@INPROCEEDINGS{2018EGUGA..20.1120P,
       author = {{Putri}, Alfiah Rizky Diana and {Sidiropoulos}, Panagiotis and {Tao}, Yu
        and {Muller}, Jan-Peter},
        title = "{Automatic Multiple-Expert Quality Assessment for Batch Processed Martian
        DTMs}",
    booktitle = {EGU General Assembly Conference Abstracts},
         year = 2018,
       volume = {20},
        month = Apr,
        pages = {1120},
       adsurl = {https://ui.adsabs.harvard.edu/#abs/2018EGUGA..20.1120P},
      adsnote = {Provided by the SAO/NASA Astrophysics Data System}
}

@INPROCEEDINGS{2018EGUGA..2015971M,
       author = {{Muller}, Jan-Peter and {Tao}, Yu and {Sidiropoulos}, Panagiotis and
        {Putri}, Alfiah and {Campbell}, Jacqueline and {Walter},
        Sebastian},
        title = "{Assessment of approximately 5,000 {Mars}-wide {CTX DTMs} created
        using the EU-FP7 iMars CASP-GO system}",
    booktitle = {EGU General Assembly Conference Abstracts},
         year = 2018,
       volume = {20},
        month = Apr,
        pages = {15971},
       adsurl = {https://ui.adsabs.harvard.edu/#abs/2018EGUGA..2015971M},
      adsnote = {Provided by the SAO/NASA Astrophysics Data System}
}

@ARTICLE{2018P&SS..154...30T,
       author = {{Tao}, Y. and {Muller}, J. -P. and {Sidiropoulos}, P. and {Xiong}, Si-
        Ting and {Putri}, A.~R.~D. and {Walter}, S.~H.~G. and {Veitch-
        Michaelis}, J. and {Yershov}, V.},
        title = "{Massive stereo-based DTM production for Mars on cloud computers}",
      journal = {Planetary and Space Science},
     keywords = {Mars, Global DTM, CTX, HiRISE, CASP-GO, Clouds computing},
         year = 2018,
        month = May,
       volume = {154},
        pages = {30-58},
       adsurl = {https://ui.adsabs.harvard.edu/#abs/2018P&SS..154...30T},
      adsnote = {Provided by the SAO/NASA Astrophysics Data System}
}


@article{bickel2019analysis,
  title={Analysis of Lunar Boulder Tracks: Implications for Trafficability of Pyroclastic Deposits},
  author={Bickel, Valentin Tertius and Honniball, CI and Martinez, SN and Rogaski, A and Sargeant, HM and Bell, SK and Czaplinski, EC and Farrant, BE and Harrington, EM and Tolometti, GD and others},
  journal={Journal of Geophysical Research: Planets},
  year={2019},
  publisher={Wiley Online Library}
}

@ARTICLE{2019GeoRL..46.2408S,
   author = {{Shahrzad}, S. and {Kinch}, K.~M. and {Goudge}, T.~A. and {Fassett}, C.~I. and 
	{Needham}, D.~H. and {Quantin-Nataf}, C. and {Knudsen}, C.~P.
	},
    title = "{Crater Statistics on the Dark-Toned, Mafic Floor Unit in Jezero Crater, Mars}",
  journal = {Geophysical Research Letters},
 keywords = {Jezero crater, crater counting, Mars 2020, Mars, age},
     year = 2019,
    month = mar,
   volume = 46,
    pages = {2408-2416},
      doi = {10.1029/2018GL081402},
   adsurl = {http://adsabs.harvard.edu/abs/2019GeoRL..46.2408S},
  adsnote = {Provided by the SAO/NASA Astrophysics Data System}
}

@INPROCEEDINGS{2019LPI....50.1759H,
       author = {{Hemmi}, R. and {Miyamoto}, H.},
        title = "{HiRISE Digital Elevation Model of Phobos: Implications for Morphological Analysis of Grooves}",
    booktitle = {Lunar and Planetary Science Conference},
         year = "2019",
        month = "Mar",
          eid = {1759},
        pages = {1759},
       adsurl = {https://ui.adsabs.harvard.edu/abs/2019LPI....50.1759H},
      adsnote = {Provided by the SAO/NASA Astrophysics Data System}
}

@INPROCEEDINGS{2019LPI....50.2479H,
       author = {{Hemmi}, R. and {Miyamoto}, H.},
        title = "{High-resolution Topographic Analysis of Pitted Mounds in Southern Acidalia Planitia, Mars: Updates on Morphometric Parameters of Candidate Mud Volcanoes}",
    booktitle = {Lunar and Planetary Science Conference},
         year = "2019",
        month = "Mar",
          eid = {2479},
        pages = {2479},
       adsurl = {https://ui.adsabs.harvard.edu/abs/2019LPI....50.2479H},
      adsnote = {Provided by the SAO/NASA Astrophysics Data System}
}

@article{hemmi2018high,
  title={High-Resolution Topographic Analyses of Mounds in Southern {Acidalia Planitia, Mars}: Implications for Possible Mud Volcanism in Submarine and Subaerial Environments},
  author={Hemmi, Ryodo and Miyamoto, Hideaki},
  journal={Geosciences},
  volume={8},
  number={5},
  pages={152},
  year={2018},
  publisher={Multidisciplinary Digital Publishing Institute}
}

@article{hemmi2017distribution,
  title={Distribution, morphology, and morphometry of circular mounds in the elongated basin of northern {Terra Sirenum, Mars}},
  author={Hemmi, Ryodo and Miyamoto, Hideaki},
  journal={Progress in Earth and Planetary Science},
  volume={4},
  number={1},
  pages={26},
  year={2017},
  publisher={SpringerOpen}
}

@INPROCEEDINGS{2019LPI....50.1128M,
       author = {{Mayer}, D.~P.},
        title = "{Filling the Gap: Building a CTX-Based Digital Terrain Model Mosaic of the South Pole of Mars}",
    booktitle = {Lunar and Planetary Science Conference},
         year = "2019",
        month = "Mar",
          eid = {1128},
        pages = {1128},
       adsurl = {https://ui.adsabs.harvard.edu/abs/2019LPI....50.1128M},
      adsnote = {Provided by the SAO/NASA Astrophysics Data System}
}

@INPROCEEDINGS{2019LPI....50.1069M,
       author = {{Mouginis-Mark}, P.~J. and {Garbeil}, H.},
        title = "{CTX Digital Elevation Models Facilitate Geomorphic Analysis of Mars}",
    booktitle = {Lunar and Planetary Science Conference},
         year = "2019",
        month = "Mar",
          eid = {1069},
        pages = {1069},
       adsurl = {https://ui.adsabs.harvard.edu/abs/2019LPI....50.1069M},
      adsnote = {Provided by the SAO/NASA Astrophysics Data System}
}

@INPROCEEDINGS{2019LPI....50.1973A,
       author = {{Annex}, A.~M. and {Koeppel}, A.~H.~D. and {Pan}, C. and
         {Edwards}, C.~E. and {Lewis}, K.~W.},
        title = "{Scarp Associated with Martian Layered Deposits in Arabia Terra}",
    booktitle = {Lunar and Planetary Science Conference},
         year = "2019",
        month = "Mar",
          eid = {1973},
        pages = {1973},
       adsurl = {https://ui.adsabs.harvard.edu/abs/2019LPI....50.1973A},
      adsnote = {Provided by the SAO/NASA Astrophysics Data System}
}

@INPROCEEDINGS{2019LPI....50.1223G,
       author = {{Goudge}, T.~A. and {Fassett}, C.~I. and {Osinski}, G.~R.},
        title = "{How Do Crater Lakes on Mars Develop Inlet Valleys?}",
    booktitle = {Lunar and Planetary Science Conference},
         year = "2019",
        month = "Mar",
          eid = {1223},
        pages = {1223},
       adsurl = {https://ui.adsabs.harvard.edu/abs/2019LPI....50.1223G},
      adsnote = {Provided by the SAO/NASA Astrophysics Data System}
}

@article{lacroix2019irrigation,
  title={Irrigation-triggered landslides in a {Peruvian} desert caused by modern intensive farming},
  author={Lacroix, Pascal and Dehecq, Amaury and Taipe, Edu},
  journal={Nature Geoscience},
  pages={1--5},
  year={2019},
  publisher={Nature Publishing Group}
}

@article{hepburn2019creating,
  title={Creating {HiRISE} digital elevation models for {Mars} using the open-source {Ames Stereo Pipeline}},
  author={Hepburn, Adam J and Holt, Tom and Hubbard, Bryn and Ng, Felix},
  journal={Geoscientific Instrumentation, Methods and Data Systems},
  volume={8},
  number={2},
  pages={293--313},
  year={2019},
  publisher={Copernicus Publications}
}

@INPROCEEDINGS{2019EPSC...13..849B,
       author = {{Beyer}, Ross and {Porter}, Simon and {Schenk}, Paul and
         {Spencer}, John and {Beddingfield}, Chloe and {Grundy}, William and
         {Keane}, James and {Lauer}, Tod and {Moore}, Jeff and
         {Olkin}, Catherine and {Parker}, Joel and {Stern}, Alan and
         {Umurhan}, Orkan and {Verbiscer}, Anne and {Weaver}, Harold},
        title = "{Stereo Topography of {KBO (486958) 2014 MU69}}",
    booktitle = {EPSC-DPS Joint Meeting 2019},
         year = 2019,
       volume = {2019},
        month = sep,
          eid = {EPSC-DPS2019-849},
        pages = {EPSC-DPS2019-849},
       adsurl = {https://ui.adsabs.harvard.edu/abs/2019EPSC...13..849B},
      adsnote = {Provided by the SAO/NASA Astrophysics Data System}
}

@ARTICLE{2020PEPS....7...13P,
       author = {{Parsons}, Reid A. and {Kanzaki}, Tomohiro and {Hemmi}, Ryodo and
         {Miyamoto}, Hideaki},
        title = "{Cold-based glaciation of Pavonis Mons, Mars: evidence for moraine deposition during glacial advance}",
      journal = {Progress in Earth and Planetary Science},
     keywords = {Thermomechanical ice sheet model, Mars, Amazonian climate, Moraine deposition, Tharsis, Glaciation},
         year = 2020,
        month = mar,
       volume = {7},
       number = {1},
          eid = {13},
        pages = {13},
          doi = {10.1186/s40645-020-0323-9},
       adsurl = {https://ui.adsabs.harvard.edu/abs/2020PEPS....7...13P},
      adsnote = {Provided by the SAO/NASA Astrophysics Data System}
}


@inproceedings{10.1117/12.2532975,
author = {Tomonori Yamamoto and Koichiro Yawata},
title = {{Improvement of land classification in airports using 3D information}},
volume = {11157},
booktitle = {Remote Sensing Technologies and Applications in Urban Environments IV},
editor = {Thilo Erbertseder and Nektarios Chrysoulakis and Ying Zhang and Frank Baier},
organization = {International Society for Optics and Photonics},
publisher = {SPIE},
pages = {89 -- 97},
keywords = {land classification, VHR satellite images, deep learning, U-NET, MVS, CNN, semantic segmentation},
year = {2019},
doi = {10.1117/12.2532975},
URL = {https://doi.org/10.1117/12.2532975}
}


@article{10.1785/0220180227,
  title={Shallow fault rupture of the Milun fault in the 2018 M w 6.4 Hualien earthquake: A high-resolution approach from optical correlation of Pl{\'e}iades satellite imagery},
  author={Kuo, Yu-Ting and Wang, Yu and Hollingsworth, James and Huang, Shao-Yi and Chuang, Ray Y and Lu, Chih-Heng and Hsu, Yi-Chun and Tung, Hsin and Yen, Jiun-Yee and Chang, Chung-Pai},
  journal={Seismological Research Letters},
  volume={90},
  number={1},
  pages={97--107},
  year={2019},
  publisher={Seismological Society of America}
}

@article{SARKAR2019199,
title = "Tectonic evolution of Juventae Chasma, Mars, and the deformational and depositional structural attributes of the four major light-toned rock exposures therein",
journal = "Icarus",
volume = "333",
pages = "199 - 233",
year = "2019",
issn = "0019-1035",
doi = "https://doi.org/10.1016/j.icarus.2019.05.032",
url = "http://www.sciencedirect.com/science/article/pii/S0019103518306766",
author = "Ranjan Sarkar and Kenneth S. Edgett and Dibyendu Ghosh and Alok Porwal and Pragya Singh"
}


@article{BEDDINGFIELD2020113383,
title = "Landslides on Charon",
journal = "Icarus",
volume = "335",
pages = "113383",
year = "2020",
issn = "0019-1035",
doi = "https://doi.org/10.1016/j.icarus.2019.07.017",
url = "http://www.sciencedirect.com/science/article/pii/S0019103518306341",
author = "Chloe B. Beddingfield and Ross A. Beyer and Kelsi N. Singer and William B. McKinnon and Kirby Runyon and Will Grundy and S. Alan Stern and Veronica Bray and Rajani Dhingra and Jeffrey M. Moore and K. Ennico and C.B. Olkin and Paul Schenk and John R. Spencer and H.A. Weaver and L.A. Young"
}

@article{doi:10.1029/2019JE006167,
author = {Stucky de Quay, Gaia and Kite, Edwin S and Mayer, David P.},
title = {Prolonged Fluvial Activity From Channel-Fan Systems on Mars},
journal = {Journal of Geophysical Research: Planets},
volume = {124},
number = {11},
pages = {3119-3139},
keywords = {Mars, fluvial, timescale, erosion, sediment transport, alluvial fan},
doi = {10.1029/2019JE006167},
url = {https://agupubs.onlinelibrary.wiley.com/doi/abs/10.1029/2019JE006167},
eprint = {https://agupubs.onlinelibrary.wiley.com/doi/pdf/10.1029/2019JE006167},
year = {2019}
}

@article{doi:10.1029/2019JE006083,
author = {Schorghofer, N. and Levy, J.S. and Goudge, T.A.},
title = {High-Resolution Thermal Environment of Recurring Slope Lineae in Palikir Crater, Mars, and Its Implications for Volatiles},
journal = {Journal of Geophysical Research: Planets},
volume = {124},
number = {11},
pages = {2852-2862},
keywords = {Recurring Slope Lineae, Mars, volatiles, thermal models},
doi = {10.1029/2019JE006083},
url = {https://agupubs.onlinelibrary.wiley.com/doi/abs/10.1029/2019JE006083},
eprint = {https://agupubs.onlinelibrary.wiley.com/doi/pdf/10.1029/2019JE006083},
year = {2019}
}

@article{doi:10.1029/2019GL083046,
author = {Rivera-Hernández, Frances and Palucis, Marisa C.},
title = {Do Deltas Along the Crustal Dichotomy Boundary of Mars in the Gale Crater Region Record a Northern Ocean?},
journal = {Geophysical Research Letters},
volume = {46},
number = {15},
pages = {8689-8699},
keywords = {Mars, geomorphology, Gale crater, hydrology, climate, deltas},
doi = {10.1029/2019GL083046},
url = {https://agupubs.onlinelibrary.wiley.com/doi/abs/10.1029/2019GL083046},
eprint = {https://agupubs.onlinelibrary.wiley.com/doi/pdf/10.1029/2019GL083046},
year = {2019}
}

@article{FANARA2020104733,
title = "Automated detection of block falls in the north polar region of Mars",
journal = "Planetary and Space Science",
volume = "180",
pages = "104733",
year = "2020",
issn = "0032-0633",
doi = "https://doi.org/10.1016/j.pss.2019.104733",
url = "http://www.sciencedirect.com/science/article/pii/S0032063318304422",
author = "L. Fanara and K. Gwinner and E. Hauber and J. Oberst",
keywords = "Change detection, Block falls, Machine learning, Blob detection, Mars"
}


@article{TEBOLT2020113536,
title = "Slope, elevation, and thermal inertia trends of martian recurring slope lineae initiation and termination points: Multiple possible processes occurring on coarse, sandy slopes",
journal = "Icarus",
volume = "338",
pages = "113536",
year = "2020",
issn = "0019-1035",
doi = "https://doi.org/10.1016/j.icarus.2019.113536",
url = "http://www.sciencedirect.com/science/article/pii/S0019103519305779",
author = "Michelle Tebolt and Joseph Levy and Timothy Goudge and Norbert Schorghofer"
}

@article{doi:10.1029/2019GL085584,
author = {Tarnas, J. D. and Mustard, J. F. and Lin, Honglei and Goudge, T. A. and Amador, E. S. and Bramble, M. S. and Kremer, C. H. and Zhang, X. and Itoh, Y. and Parente, M.},
title = {Orbital Identification of Hydrated Silica in Jezero Crater, Mars},
journal = {Geophysical Research Letters},
volume = {46},
number = {22},
pages = {12771-12782},
keywords = {Mars, Jezero, silica, biosignature},
doi = {10.1029/2019GL085584},
url = {https://agupubs.onlinelibrary.wiley.com/doi/abs/10.1029/2019GL085584},
eprint = {https://agupubs.onlinelibrary.wiley.com/doi/pdf/10.1029/2019GL085584},
year = {2019}
}


@article {Sterneaaw9771,
	author = {Stern, S. A. and Weaver, H. A. and Spencer, J. R. and Olkin, C. B.
			and Gladstone, G. R. and Grundy, W. M. and Moore, J. M.
			and Cruikshank, D. P. and Elliott, H. A. and McKinnon, W. B.
			and Parker, J. Wm. and Verbiscer, A. J. and Young, L. A.
			and Aguilar, D. A. and Albers, J. M. and Andert, T.
			and Andrews, J. P. and Bagenal, F. and Banks, M. E. and Bauer, B. A.
			and Bauman, J. A. and Bechtold, K. E. and Beddingfield, C. B.
			and Behrooz, N. and Beisser, K. B. and Benecchi, S. D.
			and Bernardoni, E. and Beyer, R. A. and Bhaskaran, S.
			and Bierson, C. J. and Binzel, R. P. and Birath, E. M.
			and Bird, M. K. and Boone, D. R. and Bowman, A. F. and Bray, V. J.
			and Britt, D. T. and Brown, L. E. and Buckley, M. R. and Buie, M. W.
			and Buratti, B. J. and Burke, L. M. and Bushman, S. S.
			and Carcich, B. and Chaikin, A. L. and Chavez, C. L.
			and Cheng, A. F. and Colwell, E. J. and Conard, S. J.
			and Conner, M. P. and Conrad, C. A. and Cook, J. C.
			and Cooper, S. B. and Custodio, O. S. and Dalle Ore, C. M.
			and Deboy, C. C. and Dharmavaram, P. and Dhingra, R. D.
			and Dunn, G. F. and Earle, A. M. and Egan, A. F. and Eisig, J.
			and El-Maarry, M. R. and Engelbrecht, C. and Enke, B. L.
			and Ercol, C. J. and Fattig, E. D. and Ferrell, C. L.
			and Finley, T. J. and Firer, J. and Fischetti, J. and Folkner, W. M.
			and Fosbury, M. N. and Fountain, G. H. and Freeze, J. M.
			and Gabasova, L. and Glaze, L. S. and Green, J. L.
			and Griffith, G. A. and Guo, Y. and Hahn, M. and Hals, D. W.
			and Hamilton, D. P. and Hamilton, S. A. and Hanley, J. J.
			and Harch, A. and Harmon, K. A. and Hart, H. M. and Hayes, J.
			and Hersman, C. B. and Hill, M. E. and Hill, T. A.
			and Hofgartner, J. D. and Holdridge, M. E. and
			Hor{\'a}nyi, M. and Hosadurga, A. and Howard, A. D.
			and Howett, C. J. A. and Jaskulek, S. E. and Jennings, D. E.
			and Jensen, J. R. and Jones, M. R. and Kang, H. K. and Katz, D. J.
			and Kaufmann, D. E. and Kavelaars, J. J. and Keane, J. T.
			and Keleher, G. P. and Kinczyk, M. and Kochte, M. C.
			and Kollmann, P. and Krimigis, S. M. and Kruizinga, G. L.
			and Kusnierkiewicz, D. Y. and Lahr, M. S. and Lauer, T. R.
			and Lawrence, G. B. and Lee, J. E. and Lessac-Chenen, E. J.
			and Linscott, I. R. and Lisse, C. M. and Lunsford, A. W.
			and Mages, D. M. and Mallder, V. A. and Martin, N. P.
			and May, B. H. and McComas, D. J. and McNutt, R. L.
			and Mehoke, D. S. and Mehoke, T. S. and Nelson, D. S.
			and Nguyen, H. D. and N{\'u}{\~n}ez, J. I. and Ocampo, A. C.
			and Owen, W. M. and Oxton, G. K. and Parker, A. H.
			and P{\"a}tzold, M. and Pelgrift, J. Y. and Pelletier, F. J.
			and Pineau, J. P. and Piquette, M. R. and Porter, S. B.
			and Protopapa, S. and Quirico, E. and Redfern, J. A.
			and Regiec, A. L. and Reitsema, H. J. and Reuter, D. C.
			and Richardson, D. C. and Riedel, J. E. and Ritterbush, M. A.
			and Robbins, S. J. and Rodgers, D. J. and Rogers, G. D.
			and Rose, D. M. and Rosendall, P. E. and Runyon, K. D.
			and Ryschkewitsch, M. G. and Saina, M. M. and Salinas, M. J.
			and Schenk, P. M. and Scherrer, J. R. and Schlei, W. R.
			and Schmitt, B. and Schultz, D. J. and Schurr, D. C.
			and Scipioni, F. and Sepan, R. L. and Shelton, R. G.
			and Showalter, M. R. and Simon, M. and Singer, K. N.
			and Stahlheber, E. W. and Stanbridge, D. R. and Stansberry, J. A.
			and Steffl, A. J. and Strobel, D. F. and Stothoff, M. M.
			and Stryk, T. and Stuart, J. R. and Summers, M. E. and Tapley, M. B.
			and Taylor, A. and Taylor, H. W. and Tedford, R. M. and Throop, H. B.
			and Turner, L. S. and Umurhan, O. M. and Van Eck, J. and Velez, D.
			and Versteeg, M. H. and Vincent, M. A. and Webbert, R. W.
			and Weidner, S. E. and Weigle, G. E. and Wendel, J. R.
			and White, O. L. and Whittenburg, K. E. and Williams, B. G.
			and Williams, K. E. and Williams, S. P. and Winters, H. L.
			and Zangari, A. M. and Zurbuchen, T. H.},
	title = {Initial results from the New Horizons exploration of 2014 MU69, a small Kuiper Belt object},
	volume = {364},
	number = {6441},
	elocation-id = {eaaw9771},
	year = {2019},
	doi = {10.1126/science.aaw9771},
	publisher = {American Association for the Advancement of Science},
	issn = {0036-8075},
	URL = {https://science.sciencemag.org/content/364/6441/eaaw9771},
	eprint = {https://science.sciencemag.org/content/364/6441/eaaw9771.full.pdf},
	journal = {Science}
}


@article{PAN2020113511,
title = "Crust stratigraphy and heterogeneities of the first kilometers at the dichotomy boundary in western Elysium Planitia and implications for InSight lander",
journal = "Icarus",
volume = "338",
pages = "113511",
year = "2020",
issn = "0019-1035",
doi = "https://doi.org/10.1016/j.icarus.2019.113511",
url = "http://www.sciencedirect.com/science/article/pii/S0019103519303653",
author = "Lu Pan and Cathy Quantin-Nataf and Benoit Tauzin and Chloé Michaut and Matt Golombek and Phillipe Lognonné and Peter Grindrod and Benoit Langlais and Tamara Gudkova and Inna Stepanova and Sébastien Rodriguez and Antoine Lucas",
keywords = "Mars, Cratering, Geological processes, Mineralogy, Spectroscopy"
}

@article{tc-13-2633-2019,
AUTHOR = {Shean, D. E. and Joughin, I. R. and Dutrieux, P. and Smith, B. E. and Berthier, E.},
TITLE = {Ice shelf basal melt rates from a high-resolution digital elevation model (DEM) record for Pine Island Glacier, Antarctica},
JOURNAL = {The Cryosphere},
VOLUME = {13},
YEAR = {2019},
NUMBER = {10},
PAGES = {2633--2656},
URL = {https://www.the-cryosphere.net/13/2633/2019/},
DOI = {10.5194/tc-13-2633-2019}
}

@article{Palaseanu_Lovejoy_2019,
		title={High-Resolution and Accurate Topography Reconstruction of Mount Etna from Pleiades Satellite Data},
		volume={11},
		ISSN={2072-4292},
		url={http://dx.doi.org/10.3390/rs11242983},
		DOI={10.3390/rs11242983},
		number={24},
		journal={Remote Sensing},
		publisher={MDPI AG},
		author={Palaseanu-Lovejoy, Monica and Bisson, Marina and Spinetti, Claudia and Buongiorno, Maria Fabrizia and Alexandrov, Oleg and Cecere, Thomas},
		year={2019}, month={Dec}, pages={2983}}


@Article{tc-14-211-2020,
AUTHOR = {Joughin, I. and Shean, D. E. and Smith, B. E. and Floricioiu, D.},
TITLE = {A decade of variability on Jakobshavn Isbr{\ae}: ocean temperatures pace speed
through influence on m\'{e}lange rigidity},
JOURNAL = {The Cryosphere},
VOLUME = {14},
YEAR = {2020},
NUMBER = {1},
PAGES = {211--227},
URL = {https://www.the-cryosphere.net/14/211/2020/},
DOI = {10.5194/tc-14-211-2020}
}


@ARTICLE{10.3389/feart.2019.00363,
AUTHOR={Shean, David E. and Bhushan, Shashank and Montesano, Paul and Rounce, David R. and Arendt, Anthony and Osmanoglu, Batuhan},   
TITLE={A Systematic, Regional Assessment of High Mountain Asia Glacier Mass Balance},      
JOURNAL={Frontiers in Earth Science},      
VOLUME={7},      
PAGES={363},     
YEAR={2020},      
URL={https://www.frontiersin.org/article/10.3389/feart.2019.00363},       
DOI={10.3389/feart.2019.00363},      
ISSN={2296-6463}
}

@article{Socquet2019,
		author={Socquet, Anne and Hollingsworth, James and Pathier, Erwan and Bouchon, Michel},
		title={Evidence of supershear during the 2018 magnitude 7.5 Palu earthquake from space geodesy},
		journal={Nature Geoscience},
		volume=12,
		pages={192-199},
		year=2019,
		doi={10.1038/s41561-018-0296-0}
}

@article{Ye_2020,
		title={Area-Based Dense Image Matching with Subpixel Accuracy for Remote Sensing Applications: Practical Analysis and Comparative Study},
		volume={12}, ISSN={2072-4292},
		url={http://dx.doi.org/10.3390/rs12040696},
		DOI={10.3390/rs12040696},
		number={4},
		journal={Remote Sensing},
		publisher={MDPI AG},
		author={Ye, Zhen and Xu, Yusheng and Chen, Hao and Zhu, Jingwei and Tong, Xiaohua and Stilla, Uwe},
		year={2020}, month={Feb}, pages={696}}


@article {Spencereaay3999,
	author = {Spencer, J. R. and Stern, S. A. and Moore, J. M. and Weaver, H. A. and Singer, K. N. and Olkin, C. B and Verbiscer, A. J. and McKinnon, W. B. and Parker, J. Wm. and Beyer, R. A. and Keane, J. T. and Lauer, T. R. and Porter, S. B. and White, O. L. and Buratti, B. J. and El-Maarry, M. R. and Lisse, C. M. and Parker, A. H. and Throop, H. B. and Robbins, S. J. and Umurhan, O. M. and Binzel, R. P. and Britt, D. T. and Buie, M. W. and Cheng, A. F. and Cruikshank, D. P. and Elliott, H. A. and Gladstone, G. R. and Grundy, W. M. and Hill, M. E. and Horanyi, M. and Jennings, D. E. and Kavelaars, J. J. and Linscott, I. R. and McComas, D. J. and McNutt, R. L. and Protopapa, S. and Reuter, D. C. and Schenk, P. M. and Showalter, M. R. and Young, L. A. and Zangari, A. M. and Abedin, A. Y. and Beddingfield, C. B. and Benecchi, S. D. and Bernardoni, E. and Bierson, C. J. and Borncamp, D. and Bray, V. J. and Chaikin, A. L. and Dhingra, R. D. and Fuentes, C. and Fuse, T. and Gay, P. L and Gwyn, S. D. J. and Hamilton, D. P. and Hofgartner, J. D. and Holman, M. J. and Howard, A. D. and Howett, C. J. A. and Karoji, H. and Kaufmann, D. E. and Kinczyk, M. and May, B. H. and Mountain, M. and P{\"a}tzold, M. and Petit, J. M. and Piquette, M. R. and Reid, I. N. and Reitsema, H. J. and Runyon, K. D. and Sheppard, S. S. and Stansberry, J. A. and Stryk, T. and Tanga, P. and Tholen, D. J. and Trilling, D. E. and Wasserman, L. H.},
	title = {The geology and geophysics of Kuiper Belt object (486958) Arrokoth},
	volume = {367},
	number = {6481},
	year = {2020},
	doi = {10.1126/science.aay3999},
	publisher = {American Association for the Advancement of Science},
	issn = {0036-8075},
	URL = {https://science.sciencemag.org/content/367/6481/eaay3999},
	eprint = {https://science.sciencemag.org/content/367/6481/eaay3999.full.pdf},
	journal = {Science}
}

@article{doi:10.1029/2019JE006188,
author = {Annex, Andrew M. and Lewis, Kevin W.},
title = {Regional Correlations in the Layered Deposits of Arabia Terra, Mars},
journal = {Journal of Geophysical Research: Planets},
volume = {125},
number = {6},
pages = {e2019JE006188},
keywords = {Mars},
doi = {10.1029/2019JE006188},
url = {https://agupubs.onlinelibrary.wiley.com/doi/abs/10.1029/2019JE006188},
eprint = {https://agupubs.onlinelibrary.wiley.com/doi/pdf/10.1029/2019JE006188},
note = {e2019JE006188 10.1029/2019JE006188},
year = {2020}
}

@inproceedings{shean_mro_2011,
	title = {{MRO} {CTX} {Stereo} {Image} {Processing} and {Preliminary} {DEM} {Quality} {Assessment}},
	volume = {42},
	url = {http://www.lpi.usra.edu/meetings/lpsc2011/pdf/2646.pdf},
	booktitle = {42nd {Lunar} and {Planetary} {Science} {Conference} {Abstracts}},
	author = {Shean, D. E. and Fahle, J. and Malin, M. C. and Edwards, L. J. and Posiolova, L.},
	month = mar,
	year = {2011},
	pages = {2646},
}

@article{joughin_grounding_2016,
	title = {Grounding line variability and subglacial lake drainage on {Pine} {Island} {Glacier}, {Antarctica}},
	volume = {43},
	issn = {00948276},
	shorttitle = {Grounding line variability and subglacial lake drainage on {Pine} {Island} {Glacier}, {Antarctica}},
	url = {http://doi.wiley.com/10.1002/2016GL070259},
	doi = {10.1002/2016GL070259},
	language = {en},
	number = {17},
	urldate = {2017-11-20},
	journal = {Geophysical Research Letters},
	author = {Joughin, Ian and Shean, David E. and Smith, Ben E. and Dutrieux, P.},
	month = sep,
	year = {2016},
	pages = {9093--9102},
}

@article{christianson_sensitivity_2016,
	title = {Sensitivity of {Pine} {Island} {Glacier} to observed ocean forcing: {PIG} response to ocean forcing},
	volume = {43},
	issn = {00948276},
	shorttitle = {Sensitivity of {Pine} {Island} {Glacier} to observed ocean forcing},
	url = {http://doi.wiley.com/10.1002/2016GL070500},
	doi = {10.1002/2016GL070500},
	language = {en},
	number = {20},
	urldate = {2016-11-21},
	journal = {Geophysical Research Letters},
	author = {Christianson, Knut and Bushuk, Mitchell and Dutrieux, Pierre and Parizek, Byron R. and Joughin, Ian R. and Alley, Richard B. and Shean, David E. and Abrahamsen, E. Povl and Anandakrishnan, Sridhar and Heywood, Karen J. and Kim, Tae-Wan and Lee, Sang Hoon and Nicholls, Keith and Stanton, Tim and Truffer, Martin and Webber, Benjamin G. M. and Jenkins, Adrian and Jacobs, Stan and Bindschadler, Robert and Holland, David M.},
	month = oct,
	year = {2016},
	pages = {10,817--10,825},
}

@article{shean_gps-derived_2017,
	title = {{GPS}-derived estimates of surface mass balance and ocean-induced basal melt for {Pine} {Island} {Glacier} ice shelf, {Antarctica}},
	volume = {11},
	issn = {1994-0424},
	url = {https://www.the-cryosphere.net/11/2655/2017/},
	doi = {10.5194/tc-11-2655-2017},
	number = {6},
	urldate = {2017-11-21},
	journal = {The Cryosphere},
	author = {Shean, D. E. and Christianson, K. and Larson, K. M. and Ligtenberg, S. R. M. and Joughin, I. R. and Smith, B. E. and Stevens, C. M. and Bushuk, M. and Holland, D. M.},
	month = nov,
	year = {2017},
	pages = {2655--2674},
}

@article{kehrl_seasonal_2017,
	title = {Seasonal and interannual variabilities in terminus position, glacier velocity, and surface elevation at {Helheim} and {Kangerlussuaq} {Glaciers} from 2008 to 2016: {Helheim} and {Kangerlussuaq} {Glaciers}},
	volume = {122},
	issn = {21699003},
	shorttitle = {Seasonal and interannual variabilities in terminus position, glacier velocity, and surface elevation at {Helheim} and {Kangerlussuaq} {Glaciers} from 2008 to 2016},
	url = {http://doi.wiley.com/10.1002/2016JF004133},
	doi = {10.1002/2016JF004133},
	language = {en},
	number = {9},
	urldate = {2017-11-30},
	journal = {Journal of Geophysical Research: Earth Surface},
	author = {Kehrl, L. M. and Joughin, I. and Shean, D. E. and Floricioiu, D. and Krieger, L.},
	month = aug,
	year = {2017},
	pages = {1635--1652},
}

@article{haritashya_evolution_2018,
	title = {Evolution and {Controls} of {Large} {Glacial} {Lakes} in the {Nepal} {Himalaya}},
	volume = {10},
	copyright = {http://creativecommons.org.offcampus.lib.washington.edu/licenses/by/3.0/},
	url = {http://www.mdpi.com/2072-4292/10/5/798},
	doi = {10.3390/rs10050798},
	language = {en},
	number = {5},
	urldate = {2018-05-24},
	journal = {Remote Sensing},
	author = {Haritashya, Umesh K. and Kargel, Jeffrey S. and Shugar, Dan H. and Leonard, Gregory J. and Strattman, Katherine and Watson, C. Scott and Shean, David and Harrison, Stephan and Mandli, Kyle T. and Regmi, Dhananjay},
	month = may,
	year = {2018},
	keywords = {remote sensing, glacier, Nepal, Himalaya, glacial lake, GLOF, High Mountain Asia (HMA), moraine-dammed, proglacial lake},
	pages = {798},
}

@article{lilien_changes_2018,
	title = {Changes in flow of {Crosson} and {Dotson} ice shelves, {West} {Antarctica}, in response to elevated melt},
	volume = {12},
	issn = {1994-0416},
	url = {https://www.the-cryosphere.net/12/1415/2018/},
	doi = {10.5194/tc-12-1415-2018},
	language = {English},
	number = {4},
	urldate = {2018-11-08},
	journal = {The Cryosphere},
	author = {Lilien, David A. and Joughin, Ian and Smith, Benjamin and Shean, David E.},
	month = apr,
	year = {2018},
	pages = {1415--1431},
}

@article{menounos_heterogeneous_2019,
	title = {Heterogeneous {Changes} in {Western} {North} {American} {Glaciers} {Linked} to {Decadal} {Variability} in {Zonal} {Wind} {Strength}},
	volume = {46},
	copyright = {©2018. The Authors.},
	issn = {1944-8007},
	url = {https://agupubs.onlinelibrary.wiley.com/doi/abs/10.1029/2018GL080942},
	doi = {10.1029/2018GL080942},
	language = {en},
	number = {1},
	urldate = {2019-08-05},
	journal = {Geophysical Research Letters},
	author = {Menounos, B. and Hugonnet, R. and Shean, D. and Gardner, A. and Howat, I. and Berthier, E. and Pelto, B. and Tennant, C. and Shea, J. and Noh, Myoung-Jong and Brun, F. and Dehecq, A.},
	year = {2019},
	keywords = {mass balance, glacier change, zonal wind},
	pages = {200--209},
}

@article{olson_terrain_2019,
	title = {Terrain {Induced} {Biases} in {Clear}-{Sky} {Shortwave} {Radiation} {Due} to {Digital} {Elevation} {Model} {Resolution} for {Glaciers} in {Complex} {Terrain}},
	volume = {7},
	issn = {2296-6463},
	url = {https://www.frontiersin.org/articles/10.3389/feart.2019.00216/full},
	doi = {10.3389/feart.2019.00216},
	language = {English},
	urldate = {2019-10-22},
	journal = {Frontiers in Earth Science},
	author = {Olson, Matthew and Rupper, Summer and Shean, David E.},
	year = {2019},
	keywords = {glaciers, Digital elevation model, topography, modeling, energy balance, shortwave radiation, solar radiation},
}

@article{mcgrath_spatially_2019,
	title = {Spatially {Extensive} {Ground}-{Penetrating} {Radar} {Snow} {Depth} {Observations} {During} {NASA}'s 2017 {SnowEx} {Campaign}: {Comparison} {With} {In} {Situ}, {Airborne}, and {Satellite} {Observations}},
	volume = {55},
	copyright = {©2019. The Authors.},
	issn = {1944-7973},
	shorttitle = {Spatially {Extensive} {Ground}-{Penetrating} {Radar} {Snow} {Depth} {Observations} {During} {NASA}'s 2017 {SnowEx} {Campaign}},
	url = {http://agupubs.onlinelibrary.wiley.com/doi/abs/10.1029/2019WR024907},
	doi = {10.1029/2019WR024907},
	language = {en},
	number = {11},
	urldate = {2020-02-06},
	journal = {Water Resources Research},
	author = {McGrath, Daniel and Webb, Ryan and Shean, David and Bonnell, Randall and Marshall, Hans-Peter and Painter, Thomas H. and Molotch, Noah P. and Elder, Kelly and Hiemstra, Christopher and Brucker, Ludovic},
	year = {2019},
	keywords = {remote sensing, ground-penetrating radar, SnowEx, Seasonal snow},
	pages = {10026--10036},
}

@article{rs13173511,
AUTHOR = {Kirk, Randolph L. and Mayer, David P. and Fergason, Robin L. and Redding, Bonnie L. and Galuszka, Donna M. and Hare, Trent M. and Gwinner, Klaus},
TITLE = {Evaluating Stereo Digital Terrain Model Quality at Mars Rover Landing Sites with HRSC, CTX, and HiRISE Images},
JOURNAL = {Remote Sensing},
VOLUME = {13},
YEAR = {2021},
NUMBER = {17},
ARTICLE-NUMBER = {3511},
URL = {https://www.mdpi.com/2072-4292/13/17/3511},
ISSN = {2072-4292},
DOI = {10.3390/rs13173511}
}

@article{dehecqAutomatedProcessingDeclassified2020,
  title = {Automated Processing of Declassified KH-9 Hexagon Satellite Images for Global Elevation Change Analysis Since the 1970s},
  author = {Dehecq, Amaury and Gardner, Alex S. and Alexandrov, Oleg and McMichael, Scott and Hugonnet, Romain and Shean, David and Marty, Mauro},
  date = {2020},
  journaltitle = {Frontiers in Earth Science},
  shortjournal = {Front. Earth Sci.},
  volume = {8},
  publisher = {{Frontiers}},
  doi = {10.3389/feart.2020.566802},
  langid = {english},
}


